{
    "results": [
        {
            "potentialPromotions": [
                {
                    "threshold": null,
                    "applied": false,
                    "campaignType": "GENERAL",
                    "offerStatus": null,
                    "productCodes": [
                        "101591225_ST",
                        "101591311_ST"
                    ],
                    "promotionTheme": {
                        "code": "Z061",
                        "visible": null
                    },
                    "textLabelGenerated": "",
                    "textLabelManual": null,
                    "lowestHistoricalPrice": {
                        "currencyIso": "SEK",
                        "value": 37.95,
                        "priceType": "BUY",
                        "formattedValue": "37,95 kr",
                        "minQuantity": null,
                        "maxQuantity": null
                    },
                    "price": {
                        "currencyIso": "SEK",
                        "value": 20.0,
                        "priceType": "BUY",
                        "formattedValue": "20,00 kr",
                        "minQuantity": null,
                        "maxQuantity": null
                    },
                    "promotionType": "MixMatchPricePromotion",
                    "conditionLabel": "",
                    "rewardLabel": "20 kr",
                    "textLabel": "",
                    "redeemLimitLabel": "",
                    "cartLabel": null,
                    "validUntil": null,
                    "timesUsed": null,
                    "qualifyingCount": 1,
                    "comparePrice": "62,50 kr",
                    "splashTitleText": "Kampanj",
                    "realMixAndMatch": false,
                    "mainProductCode": "101591225_ST",
                    "conditionLabelFormatted": "",
                    "promotionRedeemLimit": null,
                    "promotionPercentage": null,
                    "cartLabelFormatted": "",
                    "priority": 408,
                    "code": "2500269684"
                }
            ],
            "inactivePotentialPromotions": [],
            "priceValue": 37.95,
            "price": "37,95 kr",
            "image": {
                "imageType": "PRIMARY",
                "format": "product",
                "url": "https://assets.axfood.se/image/upload/f_auto,t_200/07317530110059_S02",
                "altText": null,
                "galleryIndex": null,
                "width": null
            },
            "ranking": 840.9118404219794,
            "depositPrice": "",
            "averageWeight": null,
            "comparePrice": "118,59 kr",
            "comparePriceUnit": "kg",
            "isDrugProduct": false,
            "solrSearchScore": 0.7614262700080872,
            "energyDeclaration": null,
            "newsSplashProduct": false,
            "notAllowedB2b": false,
            "notAllowedAnonymous": false,
            "productLine2": "BONJOUR, 80gx4",
            "pickupProductLine2": "BONJOUR, 80gx4",
            "priceUnit": "kr/st",
            "priceNoUnit": "37,95",
            "savingsAmount": 17.95,
            "googleAnalyticsCategory": "brod-och-kakor|kondis-och-fika|kaffebrod",
            "gdprTrackingIncompliant": false,
            "nicotineMedicalProduct": false,
            "tobaccoFreeNicotineProduct": false,
            "nonEkoProduct": false,
            "precautionaryStatements": [],
            "hazards": [],
            "tobaccoProduct": false,
            "showGoodPriceIcon": false,
            "labels": [],
            "seoDescription": "",
            "seoTitle": "",
            "manufacturer": "Bonjour",
            "incrementValue": 1.0,
            "productBasketType": {
                "code": "ST",
                "type": "ProductBasketTypeEnum"
            },
            "bargainProduct": false,
            "addToCartMessage": "",
            "thumbnail": {
                "imageType": "PRIMARY",
                "format": "thumbnail",
                "url": "https://assets.axfood.se/image/upload/f_auto,t_100/07317530110059_S02",
                "altText": null,
                "galleryIndex": null,
                "width": null
            },
            "outOfStock": false,
            "online": true,
            "displayVolume": "80gx4",
            "addToCartDisabled": false,
            "name": "Wienerbröd Hallon&vanilj",
            "code": "101591225_ST"
        },
        {
            "potentialPromotions": [
                {
                    "threshold": null,
                    "applied": false,
                    "campaignType": "LOYALTY",
                    "offerStatus": null,
                    "productCodes": [
                        "101511522_ST",
                        "101511519_ST",
                        "101511516_ST",
                        "101511523_ST"
                    ],
                    "promotionTheme": {
                        "code": "Z060",
                        "visible": null
                    },
                    "textLabelGenerated": "Klubbpris",
                    "textLabelManual": null,
                    "lowestHistoricalPrice": {
                        "currencyIso": "SEK",
                        "value": 99.0,
                        "priceType": "BUY",
                        "formattedValue": "99,00 kr",
                        "minQuantity": null,
                        "maxQuantity": null
                    },
                    "price": {
                        "currencyIso": "SEK",
                        "value": 69.95,
                        "priceType": "BUY",
                        "formattedValue": "69,95 kr",
                        "minQuantity": null,
                        "maxQuantity": null
                    },
                    "promotionType": "MixMatchPricePromotion",
                    "conditionLabel": "",
                    "rewardLabel": "69,95 kr",
                    "textLabel": "Klubbpris",
                    "redeemLimitLabel": "Max 2 köp",
                    "cartLabel": null,
                    "validUntil": null,
                    "timesUsed": null,
                    "qualifyingCount": 1,
                    "comparePrice": "104,40 kr",
                    "splashTitleText": "Kampanj",
                    "realMixAndMatch": false,
                    "mainProductCode": "101511522_ST",
                    "conditionLabelFormatted": "",
                    "promotionRedeemLimit": null,
                    "promotionPercentage": null,
                    "cartLabelFormatted": "",
                    "priority": 608,
                    "code": "2500269516"
                }
            ],
            "inactivePotentialPromotions": [],
            "priceValue": 99.0,
            "price": "99,00 kr",
            "image": {
                "imageType": "PRIMARY",
                "format": "product",
                "url": "https://assets.axfood.se/image/upload/f_auto,t_200/07393720092800_C1R1_s01",
                "altText": null,
                "galleryIndex": null,
                "width": null
            },
            "ranking": 760.911840297461,
            "depositPrice": "",
            "averageWeight": null,
            "comparePrice": "147,76 kr",
            "comparePriceUnit": "kg",
            "isDrugProduct": false,
            "solrSearchScore": 2.3155314922332764,
            "energyDeclaration": null,
            "newsSplashProduct": false,
            "notAllowedB2b": false,
            "notAllowedAnonymous": false,
            "productLine2": "SKÅNEMEJERIER, 670g",
            "pickupProductLine2": "SKÅNEMEJERIER, 670g",
            "priceUnit": "kr/st",
            "priceNoUnit": "99,00",
            "savingsAmount": 29.05,
            "googleAnalyticsCategory": "mejeri-ost-och-agg|ost|palaggsost|hardost-mild-mellan",
            "gdprTrackingIncompliant": false,
            "nicotineMedicalProduct": false,
            "tobaccoFreeNicotineProduct": false,
            "nonEkoProduct": false,
            "precautionaryStatements": [],
            "hazards": [],
            "tobaccoProduct": false,
            "showGoodPriceIcon": false,
            "labels": [],
            "seoDescription": "",
            "seoTitle": "",
            "manufacturer": "Skånemejerier",
            "incrementValue": 1.0,
            "productBasketType": {
                "code": "ST",
                "type": "ProductBasketTypeEnum"
            },
            "bargainProduct": false,
            "addToCartMessage": "",
            "thumbnail": {
                "imageType": "PRIMARY",
                "format": "thumbnail",
                "url": "https://assets.axfood.se/image/upload/f_auto,t_100/07393720092800_C1R1_s01",
                "altText": null,
                "galleryIndex": null,
                "width": null
            },
            "outOfStock": false,
            "online": true,
            "displayVolume": "670g",
            "addToCartDisabled": false,
            "name": "Präst Mild 35%",
            "code": "101511522_ST"
        },
        {
            "potentialPromotions": [
                {
                    "threshold": null,
                    "applied": false,
                    "campaignType": "LOYALTY",
                    "offerStatus": null,
                    "productCodes": [
                        "101154625_ST"
                    ],
                    "promotionTheme": {
                        "code": "Z060",
                        "visible": null
                    },
                    "textLabelGenerated": "Klubbpris",
                    "textLabelManual": null,
                    "lowestHistoricalPrice": {
                        "currencyIso": "SEK",
                        "value": 12.0,
                        "priceType": "BUY",
                        "formattedValue": "12,00 kr",
                        "minQuantity": null,
                        "maxQuantity": null
                    },
                    "price": {
                        "currencyIso": "SEK",
                        "value": 12.0,
                        "priceType": "BUY",
                        "formattedValue": "12,00 kr",
                        "minQuantity": null,
                        "maxQuantity": null
                    },
                    "promotionType": "MixMatchPricePromotion",
                    "conditionLabel": "",
                    "rewardLabel": "12 kr",
                    "textLabel": "Klubbpris",
                    "redeemLimitLabel": "Max 5 köp",
                    "cartLabel": null,
                    "validUntil": null,
                    "timesUsed": null,
                    "qualifyingCount": 1,
                    "comparePrice": "12,00 kr",
                    "splashTitleText": "Kampanj",
                    "realMixAndMatch": false,
                    "mainProductCode": "101154625_ST",
                    "conditionLabelFormatted": "",
                    "promotionRedeemLimit": null,
                    "promotionPercentage": null,
                    "cartLabelFormatted": "",
                    "priority": 608,
                    "code": "2500269718"
                }
            ],
            "inactivePotentialPromotions": [],
            "priceValue": 19.95,
            "price": "19,95 kr",
            "image": {
                "imageType": "PRIMARY",
                "format": "product",
                "url": "https://assets.axfood.se/image/upload/f_auto,t_200/07311041064214_C1N1_s03",
                "altText": null,
                "galleryIndex": null,
                "width": null
            },
            "ranking": 760.9118402941842,
            "depositPrice": "",
            "averageWeight": null,
            "comparePrice": "19,95 kr",
            "comparePriceUnit": "st",
            "isDrugProduct": false,
            "solrSearchScore": 2.3155314922332764,
            "energyDeclaration": null,
            "newsSplashProduct": false,
            "notAllowedB2b": false,
            "notAllowedAnonymous": false,
            "productLine2": "GARANT, 0,5g",
            "pickupProductLine2": "GARANT, 0,5g",
            "priceUnit": "kr/st",
            "priceNoUnit": "19,95",
            "savingsAmount": 7.95,
            "googleAnalyticsCategory": "skafferi|kryddor-och-smaksattare|kryddor",
            "gdprTrackingIncompliant": false,
            "nicotineMedicalProduct": false,
            "tobaccoFreeNicotineProduct": false,
            "nonEkoProduct": false,
            "precautionaryStatements": [],
            "hazards": [],
            "tobaccoProduct": false,
            "showGoodPriceIcon": false,
            "labels": [],
            "seoDescription": "",
            "seoTitle": "",
            "manufacturer": "Garant",
            "incrementValue": 1.0,
            "productBasketType": {
                "code": "ST",
                "type": "ProductBasketTypeEnum"
            },
            "bargainProduct": false,
            "addToCartMessage": "",
            "thumbnail": {
                "imageType": "PRIMARY",
                "format": "thumbnail",
                "url": "https://assets.axfood.se/image/upload/f_auto,t_100/07311041064214_C1N1_s03",
                "altText": null,
                "galleryIndex": null,
                "width": null
            },
            "outOfStock": false,
            "online": true,
            "displayVolume": "0,5g",
            "addToCartDisabled": false,
            "name": "Saffran Klass 1 Påse",
            "code": "101154625_ST"
        },
        {
            "potentialPromotions": [
                {
                    "threshold": null,
                    "applied": false,
                    "campaignType": "LOYALTY",
                    "offerStatus": null,
                    "productCodes": [
                        "101544610_ST",
                        "101225750_ST",
                        "101225749_ST",
                        "101288903_ST",
                        "101211676_ST",
                        "101276230_ST",
                        "101505790_ST",
                        "101288928_ST",
                        "101232435_ST",
                        "101286808_ST",
                        "101288951_ST"
                    ],
                    "promotionTheme": {
                        "code": "Z060",
                        "visible": null
                    },
                    "textLabelGenerated": "Klubbpris",
                    "textLabelManual": null,
                    "lowestHistoricalPrice": {
                        "currencyIso": "SEK",
                        "value": 71.95,
                        "priceType": "BUY",
                        "formattedValue": "71,95 kr",
                        "minQuantity": null,
                        "maxQuantity": null
                    },
                    "price": {
                        "currencyIso": "SEK",
                        "value": 59.95,
                        "priceType": "BUY",
                        "formattedValue": "59,95 kr",
                        "minQuantity": null,
                        "maxQuantity": null
                    },
                    "promotionType": "MixMatchPricePromotion",
                    "conditionLabel": "",
                    "rewardLabel": "59,95 kr",
                    "textLabel": "Klubbpris",
                    "redeemLimitLabel": "Max 3 köp",
                    "cartLabel": null,
                    "validUntil": null,
                    "timesUsed": null,
                    "qualifyingCount": 1,
                    "comparePrice": "133,22 kr",
                    "splashTitleText": "Kampanj",
                    "realMixAndMatch": false,
                    "mainProductCode": "101544610_ST",
                    "conditionLabelFormatted": "",
                    "promotionRedeemLimit": null,
                    "promotionPercentage": null,
                    "cartLabelFormatted": "",
                    "priority": 608,
                    "code": "2500270561"
                }
            ],
            "inactivePotentialPromotions": [],
            "priceValue": 73.95,
            "price": "73,95 kr",
            "image": {
                "imageType": "PRIMARY",
                "format": "product",
                "url": "https://assets.axfood.se/image/upload/f_auto,t_200/07310050001043_C1L1_s02",
                "altText": null,
                "galleryIndex": null,
                "width": null
            },
            "ranking": 760.9118402745235,
            "depositPrice": "",
            "averageWeight": null,
            "comparePrice": "164,33 kr",
            "comparePriceUnit": "kg",
            "isDrugProduct": false,
            "solrSearchScore": 2.3155314922332764,
            "energyDeclaration": null,
            "newsSplashProduct": false,
            "notAllowedB2b": false,
            "notAllowedAnonymous": false,
            "productLine2": "LÖFBERGS, 450g",
            "pickupProductLine2": "LÖFBERGS, 450g",
            "priceUnit": "kr/st",
            "priceNoUnit": "73,95",
            "savingsAmount": 14.0,
            "googleAnalyticsCategory": "skafferi|kaffe|bryggkaffe",
            "gdprTrackingIncompliant": false,
            "nicotineMedicalProduct": false,
            "tobaccoFreeNicotineProduct": false,
            "nonEkoProduct": false,
            "precautionaryStatements": [],
            "hazards": [],
            "tobaccoProduct": false,
            "showGoodPriceIcon": false,
            "labels": [],
            "seoDescription": "",
            "seoTitle": "",
            "manufacturer": "Löfbergs",
            "incrementValue": 1.0,
            "productBasketType": {
                "code": "ST",
                "type": "ProductBasketTypeEnum"
            },
            "bargainProduct": false,
            "addToCartMessage": "",
            "thumbnail": {
                "imageType": "PRIMARY",
                "format": "thumbnail",
                "url": "https://assets.axfood.se/image/upload/f_auto,t_100/07310050001043_C1L1_s02",
                "altText": null,
                "galleryIndex": null,
                "width": null
            },
            "outOfStock": false,
            "online": true,
            "displayVolume": "450g",
            "addToCartDisabled": false,
            "name": "Mellanrost Originalet Bryggkaffe",
            "code": "101544610_ST"
        },
        {
            "potentialPromotions": [
                {
                    "threshold": null,
                    "applied": false,
                    "campaignType": "GENERAL",
                    "offerStatus": null,
                    "productCodes": [
                        "101317636_ST"
                    ],
                    "promotionTheme": {
                        "code": "Z060",
                        "visible": null
                    },
                    "textLabelGenerated": "",
                    "textLabelManual": null,
                    "lowestHistoricalPrice": null,
                    "price": {
                        "currencyIso": "SEK",
                        "value": 69.95,
                        "priceType": "BUY",
                        "formattedValue": "69,95 kr",
                        "minQuantity": null,
                        "maxQuantity": null
                    },
                    "promotionType": "MixMatchPricePromotion",
                    "conditionLabel": "",
                    "rewardLabel": "69,95 kr",
                    "textLabel": "",
                    "redeemLimitLabel": "Max 2 köp",
                    "cartLabel": null,
                    "validUntil": null,
                    "timesUsed": null,
                    "qualifyingCount": 1,
                    "comparePrice": "69,95 kr",
                    "splashTitleText": "Kampanj",
                    "realMixAndMatch": false,
                    "mainProductCode": "101317636_ST",
                    "conditionLabelFormatted": "",
                    "promotionRedeemLimit": null,
                    "promotionPercentage": null,
                    "cartLabelFormatted": "",
                    "priority": 408,
                    "code": "2500275278"
                }
            ],
            "inactivePotentialPromotions": [],
            "priceValue": 105.0,
            "price": "105,00 kr",
            "image": {
                "imageType": "PRIMARY",
                "format": "product",
                "url": "https://assets.axfood.se/image/upload/f_auto,t_200/07300327668000_C1N1_s05",
                "altText": null,
                "galleryIndex": null,
                "width": null
            },
            "ranking": 640.9118404580242,
            "depositPrice": "",
            "averageWeight": null,
            "comparePrice": "105,00 kr",
            "comparePriceUnit": "kg",
            "isDrugProduct": false,
            "solrSearchScore": 0.7614262700080872,
            "energyDeclaration": null,
            "newsSplashProduct": false,
            "notAllowedB2b": false,
            "notAllowedAnonymous": false,
            "productLine2": "KRONFÅGEL, 1kg",
            "pickupProductLine2": "KRONFÅGEL, 1kg",
            "priceUnit": "kr/st",
            "priceNoUnit": "105,00",
            "savingsAmount": 35.05,
            "googleAnalyticsCategory": "kott-fagel-och-chark|kott|kottfars",
            "gdprTrackingIncompliant": false,
            "nicotineMedicalProduct": false,
            "tobaccoFreeNicotineProduct": false,
            "nonEkoProduct": false,
            "precautionaryStatements": [],
            "hazards": [],
            "tobaccoProduct": false,
            "showGoodPriceIcon": false,
            "labels": [
                "swedish_flag",
                "swedish_bird",
                "keyhole"
            ],
            "seoDescription": "",
            "seoTitle": "",
            "manufacturer": "Kronfågel",
            "incrementValue": 1.0,
            "productBasketType": {
                "code": "ST",
                "type": "ProductBasketTypeEnum"
            },
            "bargainProduct": false,
            "addToCartMessage": "",
            "thumbnail": {
                "imageType": "PRIMARY",
                "format": "thumbnail",
                "url": "https://assets.axfood.se/image/upload/f_auto,t_100/07300327668000_C1N1_s05",
                "altText": null,
                "galleryIndex": null,
                "width": null
            },
            "outOfStock": false,
            "online": true,
            "displayVolume": "1kg",
            "addToCartDisabled": false,
            "name": "Kycklingfärs Sverige",
            "code": "101317636_ST"
        },
        {
            "potentialPromotions": [
                {
                    "threshold": null,
                    "applied": false,
                    "campaignType": "GENERAL",
                    "offerStatus": null,
                    "productCodes": [
                        "101469538_ST",
                        "101230799_ST",
                        "101230800_ST"
                    ],
                    "promotionTheme": {
                        "code": "Z060",
                        "visible": null
                    },
                    "textLabelGenerated": "",
                    "textLabelManual": null,
                    "lowestHistoricalPrice": {
                        "currencyIso": "SEK",
                        "value": 24.95,
                        "priceType": "BUY",
                        "formattedValue": "24,95 kr",
                        "minQuantity": null,
                        "maxQuantity": null
                    },
                    "price": {
                        "currencyIso": "SEK",
                        "value": 12.0,
                        "priceType": "BUY",
                        "formattedValue": "12,00 kr",
                        "minQuantity": null,
                        "maxQuantity": null
                    },
                    "promotionType": "MixMatchPricePromotion",
                    "conditionLabel": "",
                    "rewardLabel": "12 kr",
                    "textLabel": "",
                    "redeemLimitLabel": "",
                    "cartLabel": null,
                    "validUntil": null,
                    "timesUsed": null,
                    "qualifyingCount": 1,
                    "comparePrice": "120,00 kr",
                    "splashTitleText": "Kampanj",
                    "realMixAndMatch": false,
                    "mainProductCode": "101469538_ST",
                    "conditionLabelFormatted": "",
                    "promotionRedeemLimit": null,
                    "promotionPercentage": null,
                    "cartLabelFormatted": "",
                    "priority": 408,
                    "code": "2500269506"
                }
            ],
            "inactivePotentialPromotions": [],
            "priceValue": 24.95,
            "price": "24,95 kr",
            "image": {
                "imageType": "PRIMARY",
                "format": "product",
                "url": "https://assets.axfood.se/image/upload/f_auto,t_200/07340023809369_C1N1_s01",
                "altText": null,
                "galleryIndex": null,
                "width": null
            },
            "ranking": 640.9118404055954,
            "depositPrice": "",
            "averageWeight": null,
            "comparePrice": "249,50 kr",
            "comparePriceUnit": "kg",
            "isDrugProduct": false,
            "solrSearchScore": 0.7614262700080872,
            "energyDeclaration": null,
            "newsSplashProduct": false,
            "notAllowedB2b": false,
            "notAllowedAnonymous": false,
            "productLine2": "SVEA, 100g",
            "pickupProductLine2": "SVEA, 100g",
            "priceUnit": "kr/st",
            "priceNoUnit": "24,95",
            "savingsAmount": 12.95,
            "googleAnalyticsCategory": "kott-fagel-och-chark|palagg|skivat-palagg",
            "gdprTrackingIncompliant": false,
            "nicotineMedicalProduct": false,
            "tobaccoFreeNicotineProduct": false,
            "nonEkoProduct": false,
            "precautionaryStatements": [],
            "hazards": [],
            "tobaccoProduct": false,
            "showGoodPriceIcon": false,
            "labels": [
                "swedish_flag",
                "meat_from_sweden",
                "keyhole"
            ],
            "seoDescription": "",
            "seoTitle": "",
            "manufacturer": "Svea",
            "incrementValue": 1.0,
            "productBasketType": {
                "code": "ST",
                "type": "ProductBasketTypeEnum"
            },
            "bargainProduct": false,
            "addToCartMessage": "",
            "thumbnail": {
                "imageType": "PRIMARY",
                "format": "thumbnail",
                "url": "https://assets.axfood.se/image/upload/f_auto,t_100/07340023809369_C1N1_s01",
                "altText": null,
                "galleryIndex": null,
                "width": null
            },
            "outOfStock": false,
            "online": true,
            "displayVolume": "100g",
            "addToCartDisabled": false,
            "name": "Skinka Basturökt Skivad",
            "code": "101469538_ST"
        },
        {
            "potentialPromotions": [
                {
                    "threshold": null,
                    "applied": false,
                    "campaignType": "GENERAL",
                    "offerStatus": null,
                    "productCodes": [
                        "101017249_ST"
                    ],
                    "promotionTheme": {
                        "code": "Z060",
                        "visible": null
                    },
                    "textLabelGenerated": "",
                    "textLabelManual": null,
                    "lowestHistoricalPrice": {
                        "currencyIso": "SEK",
                        "value": 72.95,
                        "priceType": "BUY",
                        "formattedValue": "72,95 kr",
                        "minQuantity": null,
                        "maxQuantity": null
                    },
                    "price": {
                        "currencyIso": "SEK",
                        "value": 55.0,
                        "priceType": "BUY",
                        "formattedValue": "55,00 kr",
                        "minQuantity": null,
                        "maxQuantity": null
                    },
                    "promotionType": "MixMatchPricePromotion",
                    "conditionLabel": "",
                    "rewardLabel": "55 kr",
                    "textLabel": "",
                    "redeemLimitLabel": "Max 5 köp",
                    "cartLabel": null,
                    "validUntil": null,
                    "timesUsed": null,
                    "qualifyingCount": 1,
                    "comparePrice": "110,00 kr",
                    "splashTitleText": "Kampanj",
                    "realMixAndMatch": false,
                    "mainProductCode": "101017249_ST",
                    "conditionLabelFormatted": "",
                    "promotionRedeemLimit": null,
                    "promotionPercentage": null,
                    "cartLabelFormatted": "",
                    "priority": 408,
                    "code": "2500269872"
                }
            ],
            "inactivePotentialPromotions": [],
            "priceValue": 72.95,
            "price": "72,95 kr",
            "image": {
                "imageType": "PRIMARY",
                "format": "product",
                "url": "https://assets.axfood.se/image/upload/f_auto,t_200/07310865005168_C1L1_s01",
                "altText": null,
                "galleryIndex": null,
                "width": null
            },
            "ranking": 640.9118403498898,
            "depositPrice": "",
            "averageWeight": null,
            "comparePrice": "145,90 kr",
            "comparePriceUnit": "kg",
            "isDrugProduct": false,
            "solrSearchScore": 0.7614262700080872,
            "energyDeclaration": null,
            "newsSplashProduct": false,
            "notAllowedB2b": false,
            "notAllowedAnonymous": false,
            "productLine2": "SVENSKT SMÖR, 500g",
            "pickupProductLine2": "SVENSKT SMÖR, 500g",
            "priceUnit": "kr/st",
            "priceNoUnit": "72,95",
            "savingsAmount": 17.95,
            "googleAnalyticsCategory": "mejeri-ost-och-agg|smor-margarin-och-jast|smor-och-margarin",
            "gdprTrackingIncompliant": false,
            "nicotineMedicalProduct": false,
            "tobaccoFreeNicotineProduct": false,
            "nonEkoProduct": false,
            "precautionaryStatements": [],
            "hazards": [],
            "tobaccoProduct": false,
            "showGoodPriceIcon": false,
            "labels": [],
            "seoDescription": "",
            "seoTitle": "",
            "manufacturer": "Svenskt Smör",
            "incrementValue": 1.0,
            "productBasketType": {
                "code": "ST",
                "type": "ProductBasketTypeEnum"
            },
            "bargainProduct": false,
            "addToCartMessage": "",
            "thumbnail": {
                "imageType": "PRIMARY",
                "format": "thumbnail",
                "url": "https://assets.axfood.se/image/upload/f_auto,t_100/07310865005168_C1L1_s01",
                "altText": null,
                "galleryIndex": null,
                "width": null
            },
            "outOfStock": false,
            "online": true,
            "displayVolume": "500g",
            "addToCartDisabled": false,
            "name": "Smör Normalsaltat 82%",
            "code": "101017249_ST"
        },
        {
            "potentialPromotions": [
                {
                    "threshold": 0.0,
                    "applied": false,
                    "campaignType": "LOYALTY",
                    "offerStatus": null,
                    "productCodes": null,
                    "promotionTheme": {
                        "code": "Z084",
                        "visible": null
                    },
                    "textLabelGenerated": "Klubbpris",
                    "textLabelManual": null,
                    "lowestHistoricalPrice": null,
                    "price": {
                        "currencyIso": "SEK",
                        "value": 25.0,
                        "priceType": "BUY",
                        "formattedValue": "25,00 kr/kg",
                        "minQuantity": null,
                        "maxQuantity": null
                    },
                    "promotionType": "SubtotalOrderPromotion",
                    "conditionLabel": "",
                    "rewardLabel": "25 kr/kg",
                    "textLabel": "Klubbpris",
                    "redeemLimitLabel": "",
                    "cartLabel": null,
                    "validUntil": null,
                    "timesUsed": null,
                    "qualifyingCount": null,
                    "comparePrice": "25,00 kr/kg",
                    "splashTitleText": "",
                    "realMixAndMatch": false,
                    "mainProductCode": "100126409_KG",
                    "conditionLabelFormatted": "",
                    "promotionRedeemLimit": null,
                    "promotionPercentage": null,
                    "cartLabelFormatted": "",
                    "priority": 609,
                    "code": "2500278069"
                }
            ],
            "inactivePotentialPromotions": [],
            "priceValue": 39.95,
            "price": "39,95 kr/kg",
            "image": {
                "imageType": "PRIMARY",
                "format": "product",
                "url": "https://assets.axfood.se/image/upload/f_auto,t_200/07311042006275_C1C0_s01",
                "altText": null,
                "galleryIndex": null,
                "width": null
            },
            "ranking": 460.9118404842386,
            "depositPrice": "",
            "averageWeight": 0.115,
            "comparePrice": "39,95 kr",
            "comparePriceUnit": "kg",
            "isDrugProduct": false,
            "solrSearchScore": 2.3155314922332764,
            "energyDeclaration": null,
            "newsSplashProduct": false,
            "notAllowedB2b": false,
            "notAllowedAnonymous": false,
            "productLine2": "ca: 115g",
            "pickupProductLine2": "ca: 115g",
            "priceUnit": "kr/kg",
            "priceNoUnit": "39,95",
            "savingsAmount": 14.95,
            "googleAnalyticsCategory": "frukt-och-gront|frukt|citrusfrukt",
            "gdprTrackingIncompliant": false,
            "nicotineMedicalProduct": false,
            "tobaccoFreeNicotineProduct": false,
            "nonEkoProduct": false,
            "precautionaryStatements": [],
            "hazards": [],
            "tobaccoProduct": false,
            "showGoodPriceIcon": false,
            "labels": [
                "keyhole"
            ],
            "seoDescription": "",
            "seoTitle": "",
            "manufacturer": null,
            "incrementValue": 1.0,
            "productBasketType": {
                "code": "ST",
                "type": "ProductBasketTypeEnum"
            },
            "bargainProduct": false,
            "addToCartMessage": "",
            "thumbnail": {
                "imageType": "PRIMARY",
                "format": "thumbnail",
                "url": "https://assets.axfood.se/image/upload/f_auto,t_100/07311042006275_C1C0_s01",
                "altText": null,
                "galleryIndex": null,
                "width": null
            },
            "outOfStock": false,
            "online": true,
            "displayVolume": "ca: 115g",
            "addToCartDisabled": false,
            "name": "Clementiner Klass 1",
            "code": "100126409_KG"
        },
        {
            "potentialPromotions": [
                {
                    "threshold": null,
                    "applied": false,
                    "campaignType": "LOYALTY",
                    "offerStatus": null,
                    "productCodes": [
                        "101145716_ST"
                    ],
                    "promotionTheme": {
                        "code": "Z008",
                        "visible": null
                    },
                    "textLabelGenerated": "Klubbpris",
                    "textLabelManual": null,
                    "lowestHistoricalPrice": {
                        "currencyIso": "SEK",
                        "value": 17.95,
                        "priceType": "BUY",
                        "formattedValue": "17,95 kr",
                        "minQuantity": null,
                        "maxQuantity": null
                    },
                    "price": {
                        "currencyIso": "SEK",
                        "value": 15.0,
                        "priceType": "BUY",
                        "formattedValue": "15,00 kr",
                        "minQuantity": null,
                        "maxQuantity": null
                    },
                    "promotionType": "MixMatchPricePromotion",
                    "conditionLabel": "",
                    "rewardLabel": "15 kr",
                    "textLabel": "Klubbpris",
                    "redeemLimitLabel": "",
                    "cartLabel": null,
                    "validUntil": null,
                    "timesUsed": null,
                    "qualifyingCount": 1,
                    "comparePrice": "7,50 kr",
                    "splashTitleText": "Klubbpris",
                    "realMixAndMatch": false,
                    "mainProductCode": "101145716_ST",
                    "conditionLabelFormatted": "",
                    "promotionRedeemLimit": null,
                    "promotionPercentage": null,
                    "cartLabelFormatted": "",
                    "priority": 608,
                    "code": "2500269790"
                },
                {
                    "threshold": null,
                    "applied": false,
                    "campaignType": "GENERAL",
                    "offerStatus": null,
                    "productCodes": [
                        "101145716_ST"
                    ],
                    "promotionTheme": {
                        "code": "Z019",
                        "visible": null
                    },
                    "textLabelGenerated": "Alltid bra pris!",
                    "textLabelManual": null,
                    "lowestHistoricalPrice": null,
                    "price": {
                        "currencyIso": "SEK",
                        "value": 17.95,
                        "priceType": "BUY",
                        "formattedValue": "17,95 kr",
                        "minQuantity": null,
                        "maxQuantity": null
                    },
                    "promotionType": "MixMatchPricePromotion",
                    "conditionLabel": "",
                    "rewardLabel": "17,95 kr",
                    "textLabel": "Alltid bra pris!",
                    "redeemLimitLabel": "",
                    "cartLabel": null,
                    "validUntil": null,
                    "timesUsed": null,
                    "qualifyingCount": 1,
                    "comparePrice": "8,98 kr",
                    "splashTitleText": "Alltid bra pris",
                    "realMixAndMatch": false,
                    "mainProductCode": "101145716_ST",
                    "conditionLabelFormatted": "",
                    "promotionRedeemLimit": null,
                    "promotionPercentage": null,
                    "cartLabelFormatted": "",
                    "priority": 208,
                    "code": "10009465482"
                }
            ],
            "inactivePotentialPromotions": [],
            "priceValue": 17.95,
            "price": "17,95 kr",
            "image": {
                "imageType": "PRIMARY",
                "format": "product",
                "url": "https://assets.axfood.se/image/upload/f_auto,t_200/07311041060216_C1L1_s02",
                "altText": null,
                "galleryIndex": null,
                "width": null
            },
            "ranking": 460.9118403335058,
            "depositPrice": "",
            "averageWeight": null,
            "comparePrice": "8,98 kr",
            "comparePriceUnit": "kg",
            "isDrugProduct": false,
            "solrSearchScore": 0.7614262700080872,
            "energyDeclaration": null,
            "newsSplashProduct": false,
            "notAllowedB2b": false,
            "notAllowedAnonymous": false,
            "productLine2": "GARANT, 2kg",
            "pickupProductLine2": "GARANT, 2kg",
            "priceUnit": "kr/st",
            "priceNoUnit": "17,95",
            "savingsAmount": 2.95,
            "googleAnalyticsCategory": "skafferi|bakning|mjol",
            "gdprTrackingIncompliant": false,
            "nicotineMedicalProduct": false,
            "tobaccoFreeNicotineProduct": false,
            "nonEkoProduct": false,
            "precautionaryStatements": [],
            "hazards": [],
            "tobaccoProduct": false,
            "showGoodPriceIcon": false,
            "labels": [
                "swedish_flag",
                "from_sweden"
            ],
            "seoDescription": "",
            "seoTitle": "",
            "manufacturer": "Garant",
            "incrementValue": 1.0,
            "productBasketType": {
                "code": "ST",
                "type": "ProductBasketTypeEnum"
            },
            "bargainProduct": false,
            "addToCartMessage": "",
            "thumbnail": {
                "imageType": "PRIMARY",
                "format": "thumbnail",
                "url": "https://assets.axfood.se/image/upload/f_auto,t_100/07311041060216_C1L1_s02",
                "altText": null,
                "galleryIndex": null,
                "width": null
            },
            "outOfStock": false,
            "online": true,
            "displayVolume": "2kg",
            "addToCartDisabled": false,
            "name": "Vetemjöl",
            "code": "101145716_ST"
        },
        {
            "potentialPromotions": [
                {
                    "threshold": null,
                    "applied": false,
                    "campaignType": "LOYALTY",
                    "offerStatus": null,
                    "productCodes": [
                        "101296569_ST"
                    ],
                    "promotionTheme": {
                        "code": "Z008",
                        "visible": null
                    },
                    "textLabelGenerated": "Klubbpris",
                    "textLabelManual": null,
                    "lowestHistoricalPrice": {
                        "currencyIso": "SEK",
                        "value": 27.95,
                        "priceType": "BUY",
                        "formattedValue": "27,95 kr",
                        "minQuantity": null,
                        "maxQuantity": null
                    },
                    "price": {
                        "currencyIso": "SEK",
                        "value": 20.0,
                        "priceType": "BUY",
                        "formattedValue": "20,00 kr",
                        "minQuantity": null,
                        "maxQuantity": null
                    },
                    "promotionType": "MixMatchPricePromotion",
                    "conditionLabel": "",
                    "rewardLabel": "20 kr",
                    "textLabel": "Klubbpris",
                    "redeemLimitLabel": "",
                    "cartLabel": null,
                    "validUntil": null,
                    "timesUsed": null,
                    "qualifyingCount": 1,
                    "comparePrice": "100,00 kr",
                    "splashTitleText": "Klubbpris",
                    "realMixAndMatch": false,
                    "mainProductCode": "101296569_ST",
                    "conditionLabelFormatted": "",
                    "promotionRedeemLimit": null,
                    "promotionPercentage": null,
                    "cartLabelFormatted": "",
                    "priority": 608,
                    "code": "2500269749"
                }
            ],
            "inactivePotentialPromotions": [],
            "priceValue": 28.95,
            "price": "28,95 kr",
            "image": {
                "imageType": "PRIMARY",
                "format": "product",
                "url": "https://assets.axfood.se/image/upload/f_auto,t_200/07340083476785_C1N1_s01",
                "altText": null,
                "galleryIndex": null,
                "width": null
            },
            "ranking": 460.911840330229,
            "depositPrice": "",
            "averageWeight": null,
            "comparePrice": "144,75 kr",
            "comparePriceUnit": "kg",
            "isDrugProduct": false,
            "solrSearchScore": 2.3155314922332764,
            "energyDeclaration": null,
            "newsSplashProduct": false,
            "notAllowedB2b": false,
            "notAllowedAnonymous": false,
            "productLine2": "GARANT EKO, 200g",
            "pickupProductLine2": "GARANT EKO, 200g",
            "priceUnit": "kr/st",
            "priceNoUnit": "28,95",
            "savingsAmount": 8.95,
            "googleAnalyticsCategory": "skafferi|bakning|baktillbehor",
            "gdprTrackingIncompliant": false,
            "nicotineMedicalProduct": false,
            "tobaccoFreeNicotineProduct": false,
            "nonEkoProduct": false,
            "precautionaryStatements": [],
            "hazards": [],
            "tobaccoProduct": false,
            "showGoodPriceIcon": false,
            "labels": [
                "ecological",
                "fairtrade",
                "eu_ecological",
                "fairtrade_facet"
            ],
            "seoDescription": "",
            "seoTitle": "",
            "manufacturer": "Garant Eko",
            "incrementValue": 1.0,
            "productBasketType": {
                "code": "ST",
                "type": "ProductBasketTypeEnum"
            },
            "bargainProduct": false,
            "addToCartMessage": "",
            "thumbnail": {
                "imageType": "PRIMARY",
                "format": "thumbnail",
                "url": "https://assets.axfood.se/image/upload/f_auto,t_100/07340083476785_C1N1_s01",
                "altText": null,
                "galleryIndex": null,
                "width": null
            },
            "outOfStock": false,
            "online": true,
            "displayVolume": "200g",
            "addToCartDisabled": false,
            "name": "Kokos Riven Ekologisk",
            "code": "101296569_ST"
        },
        {
            "potentialPromotions": [
                {
                    "threshold": null,
                    "applied": false,
                    "campaignType": "LOYALTY",
                    "offerStatus": null,
                    "productCodes": [
                        "100494387_ST",
                        "101544487_ST"
                    ],
                    "promotionTheme": {
                        "code": "Z008",
                        "visible": null
                    },
                    "textLabelGenerated": "Klubbpris",
                    "textLabelManual": null,
                    "lowestHistoricalPrice": null,
                    "price": {
                        "currencyIso": "SEK",
                        "value": 28.0,
                        "priceType": "BUY",
                        "formattedValue": "28,00 kr",
                        "minQuantity": null,
                        "maxQuantity": null
                    },
                    "promotionType": "MixMatchPricePromotion",
                    "conditionLabel": "",
                    "rewardLabel": "28 kr",
                    "textLabel": "Klubbpris",
                    "redeemLimitLabel": "",
                    "cartLabel": null,
                    "validUntil": null,
                    "timesUsed": null,
                    "qualifyingCount": 1,
                    "comparePrice": "35,00 kr",
                    "splashTitleText": "Klubbpris",
                    "realMixAndMatch": false,
                    "mainProductCode": "100494387_ST",
                    "conditionLabelFormatted": "",
                    "promotionRedeemLimit": null,
                    "promotionPercentage": null,
                    "cartLabelFormatted": "",
                    "priority": 608,
                    "code": "2500269688"
                }
            ],
            "inactivePotentialPromotions": [],
            "priceValue": 36.95,
            "price": "36,95 kr",
            "image": {
                "imageType": "PRIMARY",
                "format": "product",
                "url": "https://assets.axfood.se/image/upload/f_auto,t_200/07311070336160_C1L1_s06",
                "altText": null,
                "galleryIndex": null,
                "width": null
            },
            "ranking": 460.9118403269522,
            "depositPrice": "",
            "averageWeight": null,
            "comparePrice": "46,19 kr",
            "comparePriceUnit": "kg",
            "isDrugProduct": false,
            "solrSearchScore": 2.3155314922332764,
            "energyDeclaration": null,
            "newsSplashProduct": false,
            "notAllowedB2b": false,
            "notAllowedAnonymous": false,
            "productLine2": "PÅGEN, 800g",
            "pickupProductLine2": "PÅGEN, 800g",
            "priceUnit": "kr/st",
            "priceNoUnit": "36,95",
            "savingsAmount": 8.95,
            "googleAnalyticsCategory": "brod-och-kakor|brod|rostbrod",
            "gdprTrackingIncompliant": false,
            "nicotineMedicalProduct": false,
            "tobaccoFreeNicotineProduct": false,
            "nonEkoProduct": false,
            "precautionaryStatements": [],
            "hazards": [],
            "tobaccoProduct": false,
            "showGoodPriceIcon": false,
            "labels": [],
            "seoDescription": "",
            "seoTitle": "",
            "manufacturer": "Pågen",
            "incrementValue": 1.0,
            "productBasketType": {
                "code": "ST",
                "type": "ProductBasketTypeEnum"
            },
            "bargainProduct": false,
            "addToCartMessage": "",
            "thumbnail": {
                "imageType": "PRIMARY",
                "format": "thumbnail",
                "url": "https://assets.axfood.se/image/upload/f_auto,t_100/07311070336160_C1L1_s06",
                "altText": null,
                "galleryIndex": null,
                "width": null
            },
            "outOfStock": false,
            "online": true,
            "displayVolume": "800g",
            "addToCartDisabled": false,
            "name": "Roast'n Toast",
            "code": "100494387_ST"
        },
        {
            "potentialPromotions": [
                {
                    "threshold": null,
                    "applied": false,
                    "campaignType": "LOYALTY",
                    "offerStatus": null,
                    "productCodes": [
                        "101324030_ST",
                        "101324012_ST",
                        "101776366_ST",
                        "101324028_ST",
                        "101508476_ST",
                        "101776365_ST"
                    ],
                    "promotionTheme": {
                        "code": "Z008",
                        "visible": null
                    },
                    "textLabelGenerated": "Klubbpris",
                    "textLabelManual": null,
                    "lowestHistoricalPrice": {
                        "currencyIso": "SEK",
                        "value": 47.95,
                        "priceType": "BUY",
                        "formattedValue": "47,95 kr",
                        "minQuantity": null,
                        "maxQuantity": null
                    },
                    "price": {
                        "currencyIso": "SEK",
                        "value": 39.95,
                        "priceType": "BUY",
                        "formattedValue": "39,95 kr",
                        "minQuantity": null,
                        "maxQuantity": null
                    },
                    "promotionType": "MixMatchPricePromotion",
                    "conditionLabel": "",
                    "rewardLabel": "39,95 kr",
                    "textLabel": "Klubbpris",
                    "redeemLimitLabel": "",
                    "cartLabel": null,
                    "validUntil": null,
                    "timesUsed": null,
                    "qualifyingCount": 1,
                    "comparePrice": "47,00 kr",
                    "splashTitleText": "Klubbpris",
                    "realMixAndMatch": false,
                    "mainProductCode": "101324030_ST",
                    "conditionLabelFormatted": "",
                    "promotionRedeemLimit": null,
                    "promotionPercentage": null,
                    "cartLabelFormatted": "",
                    "priority": 608,
                    "code": "2500269565"
                }
            ],
            "inactivePotentialPromotions": [],
            "priceValue": 47.95,
            "price": "47,95 kr",
            "image": {
                "imageType": "PRIMARY",
                "format": "product",
                "url": "https://assets.axfood.se/image/upload/f_auto,t_200/07313619001539_C1N1_s03",
                "altText": null,
                "galleryIndex": null,
                "width": null
            },
            "ranking": 460.9118403236754,
            "depositPrice": "1,00 kr",
            "averageWeight": null,
            "comparePrice": "56,41 kr",
            "comparePriceUnit": "l",
            "isDrugProduct": false,
            "solrSearchScore": 2.3155314922332764,
            "energyDeclaration": null,
            "newsSplashProduct": false,
            "notAllowedB2b": false,
            "notAllowedAnonymous": false,
            "productLine2": "BRÄMHULTS, 850ml",
            "pickupProductLine2": "BRÄMHULTS, 850ml",
            "priceUnit": "kr/st",
            "priceNoUnit": "47,95",
            "savingsAmount": 8.0,
            "googleAnalyticsCategory": "dryck|juice-och-fruktdryck|kyld-juice",
            "gdprTrackingIncompliant": false,
            "nicotineMedicalProduct": false,
            "tobaccoFreeNicotineProduct": false,
            "nonEkoProduct": false,
            "precautionaryStatements": [],
            "hazards": [],
            "tobaccoProduct": false,
            "showGoodPriceIcon": false,
            "labels": [],
            "seoDescription": "",
            "seoTitle": "",
            "manufacturer": "Brämhults",
            "incrementValue": 1.0,
            "productBasketType": {
                "code": "ST",
                "type": "ProductBasketTypeEnum"
            },
            "bargainProduct": false,
            "addToCartMessage": "",
            "thumbnail": {
                "imageType": "PRIMARY",
                "format": "thumbnail",
                "url": "https://assets.axfood.se/image/upload/f_auto,t_100/07313619001539_C1N1_s03",
                "altText": null,
                "galleryIndex": null,
                "width": null
            },
            "outOfStock": false,
            "online": true,
            "displayVolume": "850ml",
            "addToCartDisabled": false,
            "name": "Apelsinjuice Nypressad",
            "code": "101324030_ST"
        },
        {
            "potentialPromotions": [
                {
                    "threshold": null,
                    "applied": false,
                    "campaignType": "LOYALTY",
                    "offerStatus": null,
                    "productCodes": [
                        "101302420_ST",
                        "101302421_ST"
                    ],
                    "promotionTheme": {
                        "code": "Z008",
                        "visible": null
                    },
                    "textLabelGenerated": "Klubbpris",
                    "textLabelManual": null,
                    "lowestHistoricalPrice": {
                        "currencyIso": "SEK",
                        "value": 19.95,
                        "priceType": "BUY",
                        "formattedValue": "19,95 kr",
                        "minQuantity": null,
                        "maxQuantity": null
                    },
                    "price": {
                        "currencyIso": "SEK",
                        "value": 15.0,
                        "priceType": "BUY",
                        "formattedValue": "15,00 kr",
                        "minQuantity": null,
                        "maxQuantity": null
                    },
                    "promotionType": "MixMatchPricePromotion",
                    "conditionLabel": "",
                    "rewardLabel": "15 kr",
                    "textLabel": "Klubbpris",
                    "redeemLimitLabel": "",
                    "cartLabel": null,
                    "validUntil": null,
                    "timesUsed": null,
                    "qualifyingCount": 1,
                    "comparePrice": "15,00 kr",
                    "splashTitleText": "Klubbpris",
                    "realMixAndMatch": false,
                    "mainProductCode": "101302420_ST",
                    "conditionLabelFormatted": "",
                    "promotionRedeemLimit": null,
                    "promotionPercentage": null,
                    "cartLabelFormatted": "",
                    "priority": 608,
                    "code": "2500269564"
                }
            ],
            "inactivePotentialPromotions": [],
            "priceValue": 19.95,
            "price": "19,95 kr",
            "image": {
                "imageType": "PRIMARY",
                "format": "product",
                "url": "https://assets.axfood.se/image/upload/f_auto,t_200/07340083478284_C1L1_s02",
                "altText": null,
                "galleryIndex": null,
                "width": null
            },
            "ranking": 460.9118403203986,
            "depositPrice": "",
            "averageWeight": null,
            "comparePrice": "19,95 kr",
            "comparePriceUnit": "kg",
            "isDrugProduct": false,
            "solrSearchScore": 2.3155314922332764,
            "energyDeclaration": null,
            "newsSplashProduct": false,
            "notAllowedB2b": false,
            "notAllowedAnonymous": false,
            "productLine2": "GARANT, 1kg",
            "pickupProductLine2": "GARANT, 1kg",
            "priceUnit": "kr/st",
            "priceNoUnit": "19,95",
            "savingsAmount": 4.95,
            "googleAnalyticsCategory": "mejeri-ost-och-agg|yoghurt-och-filmjolk|naturell-yoghurt",
            "gdprTrackingIncompliant": false,
            "nicotineMedicalProduct": false,
            "tobaccoFreeNicotineProduct": false,
            "nonEkoProduct": false,
            "precautionaryStatements": [],
            "hazards": [],
            "tobaccoProduct": false,
            "showGoodPriceIcon": false,
            "labels": [
                "swedish_flag",
                "milk_from_sweden"
            ],
            "seoDescription": "",
            "seoTitle": "",
            "manufacturer": "Garant",
            "incrementValue": 1.0,
            "productBasketType": {
                "code": "ST",
                "type": "ProductBasketTypeEnum"
            },
            "bargainProduct": false,
            "addToCartMessage": "",
            "thumbnail": {
                "imageType": "PRIMARY",
                "format": "thumbnail",
                "url": "https://assets.axfood.se/image/upload/f_auto,t_100/07340083478284_C1L1_s02",
                "altText": null,
                "galleryIndex": null,
                "width": null
            },
            "outOfStock": false,
            "online": true,
            "displayVolume": "1kg",
            "addToCartDisabled": false,
            "name": "Mild Naturell Yoghurt 3%",
            "code": "101302420_ST"
        },
        {
            "potentialPromotions": [
                {
                    "threshold": null,
                    "applied": false,
                    "campaignType": "LOYALTY",
                    "offerStatus": null,
                    "productCodes": [
                        "101247974_ST",
                        "101542465_ST",
                        "101502693_ST"
                    ],
                    "promotionTheme": {
                        "code": "Z008",
                        "visible": null
                    },
                    "textLabelGenerated": "Klubbpris",
                    "textLabelManual": null,
                    "lowestHistoricalPrice": {
                        "currencyIso": "SEK",
                        "value": 45.95,
                        "priceType": "BUY",
                        "formattedValue": "45,95 kr",
                        "minQuantity": null,
                        "maxQuantity": null
                    },
                    "price": {
                        "currencyIso": "SEK",
                        "value": 38.95,
                        "priceType": "BUY",
                        "formattedValue": "38,95 kr",
                        "minQuantity": null,
                        "maxQuantity": null
                    },
                    "promotionType": "MixMatchPricePromotion",
                    "conditionLabel": "",
                    "rewardLabel": "38,95 kr",
                    "textLabel": "Klubbpris",
                    "redeemLimitLabel": "",
                    "cartLabel": null,
                    "validUntil": null,
                    "timesUsed": null,
                    "qualifyingCount": 1,
                    "comparePrice": "77,90 kr",
                    "splashTitleText": "Klubbpris",
                    "realMixAndMatch": false,
                    "mainProductCode": "101247974_ST",
                    "conditionLabelFormatted": "",
                    "promotionRedeemLimit": null,
                    "promotionPercentage": null,
                    "cartLabelFormatted": "",
                    "priority": 608,
                    "code": "2500274033"
                }
            ],
            "inactivePotentialPromotions": [],
            "priceValue": 45.95,
            "price": "45,95 kr",
            "image": {
                "imageType": "PRIMARY",
                "format": "product",
                "url": "https://assets.axfood.se/image/upload/f_auto,t_200/05738001092490_C1L1_s05",
                "altText": null,
                "galleryIndex": null,
                "width": null
            },
            "ranking": 460.911840313845,
            "depositPrice": "",
            "averageWeight": null,
            "comparePrice": "91,90 kr",
            "comparePriceUnit": "kg",
            "isDrugProduct": false,
            "solrSearchScore": 2.3155314922332764,
            "energyDeclaration": null,
            "newsSplashProduct": false,
            "notAllowedB2b": false,
            "notAllowedAnonymous": false,
            "productLine2": "KELLOGG'S, 500g",
            "pickupProductLine2": "KELLOGG'S, 500g",
            "priceUnit": "kr/st",
            "priceNoUnit": "45,95",
            "savingsAmount": 7.0,
            "googleAnalyticsCategory": "skafferi|flingor-och-musli|flingor",
            "gdprTrackingIncompliant": false,
            "nicotineMedicalProduct": false,
            "tobaccoFreeNicotineProduct": false,
            "nonEkoProduct": false,
            "precautionaryStatements": [],
            "hazards": [],
            "tobaccoProduct": false,
            "showGoodPriceIcon": false,
            "labels": [],
            "seoDescription": "",
            "seoTitle": "",
            "manufacturer": "Kellogg's",
            "incrementValue": 1.0,
            "productBasketType": {
                "code": "ST",
                "type": "ProductBasketTypeEnum"
            },
            "bargainProduct": false,
            "addToCartMessage": "",
            "thumbnail": {
                "imageType": "PRIMARY",
                "format": "thumbnail",
                "url": "https://assets.axfood.se/image/upload/f_auto,t_100/05738001092490_C1L1_s05",
                "altText": null,
                "galleryIndex": null,
                "width": null
            },
            "outOfStock": false,
            "online": true,
            "displayVolume": "500g",
            "addToCartDisabled": false,
            "name": "Corn Flakes",
            "code": "101247974_ST"
        },
        {
            "potentialPromotions": [
                {
                    "threshold": null,
                    "applied": false,
                    "campaignType": "LOYALTY",
                    "offerStatus": null,
                    "productCodes": [
                        "101693414_ST",
                        "101805132_ST",
                        "101693416_ST"
                    ],
                    "promotionTheme": {
                        "code": "Z008",
                        "visible": null
                    },
                    "textLabelGenerated": "Klubbpris",
                    "textLabelManual": null,
                    "lowestHistoricalPrice": null,
                    "price": {
                        "currencyIso": "SEK",
                        "value": 20.0,
                        "priceType": "BUY",
                        "formattedValue": "20,00 kr",
                        "minQuantity": null,
                        "maxQuantity": null
                    },
                    "promotionType": "MixMatchPricePromotion",
                    "conditionLabel": "",
                    "rewardLabel": "20 kr",
                    "textLabel": "Klubbpris",
                    "redeemLimitLabel": "",
                    "cartLabel": null,
                    "validUntil": null,
                    "timesUsed": null,
                    "qualifyingCount": 1,
                    "comparePrice": "80,00 kr",
                    "splashTitleText": "Klubbpris",
                    "realMixAndMatch": false,
                    "mainProductCode": "101693414_ST",
                    "conditionLabelFormatted": "",
                    "promotionRedeemLimit": null,
                    "promotionPercentage": null,
                    "cartLabelFormatted": "",
                    "priority": 608,
                    "code": "2500275282"
                }
            ],
            "inactivePotentialPromotions": [],
            "priceValue": 34.95,
            "price": "34,95 kr",
            "image": {
                "imageType": "PRIMARY",
                "format": "product",
                "url": "https://assets.axfood.se/image/upload/f_auto,t_200/07340012541805_C1N1_s01",
                "altText": null,
                "galleryIndex": null,
                "width": null
            },
            "ranking": 460.9118403105682,
            "depositPrice": "",
            "averageWeight": null,
            "comparePrice": "139,80 kr",
            "comparePriceUnit": "kg",
            "isDrugProduct": false,
            "solrSearchScore": 2.3155314922332764,
            "energyDeclaration": null,
            "newsSplashProduct": false,
            "notAllowedB2b": false,
            "notAllowedAnonymous": false,
            "productLine2": "NONNA ELIDE, 250g",
            "pickupProductLine2": "NONNA ELIDE, 250g",
            "priceUnit": "kr/st",
            "priceNoUnit": "34,95",
            "savingsAmount": 14.95,
            "googleAnalyticsCategory": "kott-fagel-och-chark|kott|kottfars",
            "gdprTrackingIncompliant": false,
            "nicotineMedicalProduct": false,
            "tobaccoFreeNicotineProduct": false,
            "nonEkoProduct": false,
            "precautionaryStatements": [],
            "hazards": [],
            "tobaccoProduct": false,
            "showGoodPriceIcon": false,
            "labels": [],
            "seoDescription": "",
            "seoTitle": "",
            "manufacturer": "Nonna Elide",
            "incrementValue": 1.0,
            "productBasketType": {
                "code": "ST",
                "type": "ProductBasketTypeEnum"
            },
            "bargainProduct": false,
            "addToCartMessage": "",
            "thumbnail": {
                "imageType": "PRIMARY",
                "format": "thumbnail",
                "url": "https://assets.axfood.se/image/upload/f_auto,t_100/07340012541805_C1N1_s01",
                "altText": null,
                "galleryIndex": null,
                "width": null
            },
            "outOfStock": false,
            "online": true,
            "displayVolume": "250g",
            "addToCartDisabled": false,
            "name": "Salsicciafärs Orginal",
            "code": "101693414_ST"
        },
        {
            "potentialPromotions": [
                {
                    "threshold": null,
                    "applied": false,
                    "campaignType": "LOYALTY",
                    "offerStatus": null,
                    "productCodes": [
                        "101417666_ST",
                        "101656367_ST",
                        "101417664_ST",
                        "101670936_ST",
                        "101417665_ST"
                    ],
                    "promotionTheme": {
                        "code": "Z008",
                        "visible": null
                    },
                    "textLabelGenerated": "Klubbpris",
                    "textLabelManual": null,
                    "lowestHistoricalPrice": {
                        "currencyIso": "SEK",
                        "value": 21.95,
                        "priceType": "BUY",
                        "formattedValue": "21,95 kr",
                        "minQuantity": null,
                        "maxQuantity": null
                    },
                    "price": {
                        "currencyIso": "SEK",
                        "value": 16.95,
                        "priceType": "BUY",
                        "formattedValue": "16,95 kr",
                        "minQuantity": null,
                        "maxQuantity": null
                    },
                    "promotionType": "MixMatchPricePromotion",
                    "conditionLabel": "",
                    "rewardLabel": "16,95 kr",
                    "textLabel": "Klubbpris",
                    "redeemLimitLabel": "",
                    "cartLabel": null,
                    "validUntil": null,
                    "timesUsed": null,
                    "qualifyingCount": 1,
                    "comparePrice": "94,17 kr",
                    "splashTitleText": "Klubbpris",
                    "realMixAndMatch": false,
                    "mainProductCode": "101417666_ST",
                    "conditionLabelFormatted": "",
                    "promotionRedeemLimit": null,
                    "promotionPercentage": null,
                    "cartLabelFormatted": "",
                    "priority": 608,
                    "code": "2500269692"
                },
                {
                    "threshold": null,
                    "applied": false,
                    "campaignType": "GENERAL",
                    "offerStatus": null,
                    "productCodes": [
                        "101417664_ST",
                        "101417665_ST",
                        "101417666_ST",
                        "101656367_ST",
                        "101670936_ST"
                    ],
                    "promotionTheme": {
                        "code": "Z019",
                        "visible": null
                    },
                    "textLabelGenerated": "Alltid bra pris!",
                    "textLabelManual": null,
                    "lowestHistoricalPrice": null,
                    "price": {
                        "currencyIso": "SEK",
                        "value": 19.5,
                        "priceType": "BUY",
                        "formattedValue": "19,50 kr",
                        "minQuantity": null,
                        "maxQuantity": null
                    },
                    "promotionType": "MixMatchPricePromotion",
                    "conditionLabel": "2 för",
                    "rewardLabel": "39 kr",
                    "textLabel": "Alltid bra pris!",
                    "redeemLimitLabel": "",
                    "cartLabel": null,
                    "validUntil": null,
                    "timesUsed": null,
                    "qualifyingCount": 2,
                    "comparePrice": "108,33 kr",
                    "splashTitleText": "Alltid bra pris",
                    "realMixAndMatch": true,
                    "mainProductCode": "101417662_ST",
                    "conditionLabelFormatted": "",
                    "promotionRedeemLimit": null,
                    "promotionPercentage": null,
                    "cartLabelFormatted": "",
                    "priority": 208,
                    "code": "10009465321"
                }
            ],
            "inactivePotentialPromotions": [],
            "priceValue": 21.95,
            "price": "21,95 kr",
            "image": {
                "imageType": "PRIMARY",
                "format": "product",
                "url": "https://assets.axfood.se/image/upload/f_auto,t_200/07311041086414_C1N1_s03",
                "altText": null,
                "galleryIndex": null,
                "width": null
            },
            "ranking": 460.9118403040146,
            "depositPrice": "",
            "averageWeight": null,
            "comparePrice": "121,95 kr",
            "comparePriceUnit": "kg",
            "isDrugProduct": false,
            "solrSearchScore": 0.7614262700080872,
            "energyDeclaration": null,
            "newsSplashProduct": false,
            "notAllowedB2b": false,
            "notAllowedAnonymous": false,
            "productLine2": "DAZZLEY, 180g",
            "pickupProductLine2": "DAZZLEY, 180g",
            "priceUnit": "kr/st",
            "priceNoUnit": "21,95",
            "savingsAmount": 5.0,
            "googleAnalyticsCategory": "brod-och-kakor|kex-och-kakor|sota-kakor",
            "gdprTrackingIncompliant": false,
            "nicotineMedicalProduct": false,
            "tobaccoFreeNicotineProduct": false,
            "nonEkoProduct": false,
            "precautionaryStatements": [],
            "hazards": [],
            "tobaccoProduct": false,
            "showGoodPriceIcon": false,
            "labels": [
                "rainforest_alliance",
                "environmental_facet"
            ],
            "seoDescription": "",
            "seoTitle": "",
            "manufacturer": "Dazzley",
            "incrementValue": 1.0,
            "productBasketType": {
                "code": "ST",
                "type": "ProductBasketTypeEnum"
            },
            "bargainProduct": false,
            "addToCartMessage": "",
            "thumbnail": {
                "imageType": "PRIMARY",
                "format": "thumbnail",
                "url": "https://assets.axfood.se/image/upload/f_auto,t_100/07311041086414_C1N1_s03",
                "altText": null,
                "galleryIndex": null,
                "width": null
            },
            "outOfStock": false,
            "online": true,
            "displayVolume": "180g",
            "addToCartDisabled": false,
            "name": "Triple Choco Cookies",
            "code": "101417666_ST"
        },
        {
            "potentialPromotions": [
                {
                    "threshold": null,
                    "applied": false,
                    "campaignType": "LOYALTY",
                    "offerStatus": null,
                    "productCodes": [
                        "101328356_ST"
                    ],
                    "promotionTheme": {
                        "code": "Z008",
                        "visible": null
                    },
                    "textLabelGenerated": "Klubbpris",
                    "textLabelManual": null,
                    "lowestHistoricalPrice": {
                        "currencyIso": "SEK",
                        "value": 35.0,
                        "priceType": "BUY",
                        "formattedValue": "35,00 kr",
                        "minQuantity": null,
                        "maxQuantity": null
                    },
                    "price": {
                        "currencyIso": "SEK",
                        "value": 35.0,
                        "priceType": "BUY",
                        "formattedValue": "35,00 kr",
                        "minQuantity": null,
                        "maxQuantity": null
                    },
                    "promotionType": "MixMatchPricePromotion",
                    "conditionLabel": "",
                    "rewardLabel": "35 kr",
                    "textLabel": "Klubbpris",
                    "redeemLimitLabel": "",
                    "cartLabel": null,
                    "validUntil": null,
                    "timesUsed": null,
                    "qualifyingCount": 1,
                    "comparePrice": "233,33 kr",
                    "splashTitleText": "Klubbpris",
                    "realMixAndMatch": false,
                    "mainProductCode": "101328356_ST",
                    "conditionLabelFormatted": "",
                    "promotionRedeemLimit": null,
                    "promotionPercentage": null,
                    "cartLabelFormatted": "",
                    "priority": 608,
                    "code": "2500269517"
                },
                {
                    "threshold": null,
                    "applied": false,
                    "campaignType": "GENERAL",
                    "offerStatus": null,
                    "productCodes": [
                        "101328356_ST"
                    ],
                    "promotionTheme": {
                        "code": "Z019",
                        "visible": null
                    },
                    "textLabelGenerated": "Alltid bra pris!",
                    "textLabelManual": null,
                    "lowestHistoricalPrice": null,
                    "price": {
                        "currencyIso": "SEK",
                        "value": 49.95,
                        "priceType": "BUY",
                        "formattedValue": "49,95 kr",
                        "minQuantity": null,
                        "maxQuantity": null
                    },
                    "promotionType": "MixMatchPricePromotion",
                    "conditionLabel": "",
                    "rewardLabel": "49,95 kr",
                    "textLabel": "Alltid bra pris!",
                    "redeemLimitLabel": "",
                    "cartLabel": null,
                    "validUntil": null,
                    "timesUsed": null,
                    "qualifyingCount": 1,
                    "comparePrice": "333,00 kr",
                    "splashTitleText": "Alltid bra pris",
                    "realMixAndMatch": false,
                    "mainProductCode": "101328356_ST",
                    "conditionLabelFormatted": "",
                    "promotionRedeemLimit": null,
                    "promotionPercentage": null,
                    "cartLabelFormatted": "",
                    "priority": 208,
                    "code": "10009465439"
                }
            ],
            "inactivePotentialPromotions": [],
            "priceValue": 49.95,
            "price": "49,95 kr",
            "image": {
                "imageType": "PRIMARY",
                "format": "product",
                "url": "https://assets.axfood.se/image/upload/f_auto,t_200/07340083488511_C1N1_s01",
                "altText": null,
                "galleryIndex": null,
                "width": null
            },
            "ranking": 460.9118403007378,
            "depositPrice": "",
            "averageWeight": null,
            "comparePrice": "333,00 kr",
            "comparePriceUnit": "kg",
            "isDrugProduct": false,
            "solrSearchScore": 0.7614262700080872,
            "energyDeclaration": null,
            "newsSplashProduct": false,
            "notAllowedB2b": false,
            "notAllowedAnonymous": false,
            "productLine2": "GARANT, 150g",
            "pickupProductLine2": "GARANT, 150g",
            "priceUnit": "kr/st",
            "priceNoUnit": "49,95",
            "savingsAmount": 14.95,
            "googleAnalyticsCategory": "mejeri-ost-och-agg|ost|matlagningsost",
            "gdprTrackingIncompliant": false,
            "nicotineMedicalProduct": false,
            "tobaccoFreeNicotineProduct": false,
            "nonEkoProduct": false,
            "precautionaryStatements": [],
            "hazards": [],
            "tobaccoProduct": false,
            "showGoodPriceIcon": false,
            "labels": [],
            "seoDescription": "",
            "seoTitle": "",
            "manufacturer": "Garant",
            "incrementValue": 1.0,
            "productBasketType": {
                "code": "ST",
                "type": "ProductBasketTypeEnum"
            },
            "bargainProduct": false,
            "addToCartMessage": "",
            "thumbnail": {
                "imageType": "PRIMARY",
                "format": "thumbnail",
                "url": "https://assets.axfood.se/image/upload/f_auto,t_100/07340083488511_C1N1_s01",
                "altText": null,
                "galleryIndex": null,
                "width": null
            },
            "outOfStock": false,
            "online": true,
            "displayVolume": "150g",
            "addToCartDisabled": false,
            "name": "Parmigiano Reggiano 12mån",
            "code": "101328356_ST"
        },
        {
            "potentialPromotions": [
                {
                    "threshold": null,
                    "applied": false,
                    "campaignType": "LOYALTY",
                    "offerStatus": null,
                    "productCodes": [
                        "101231193_ST",
                        "101231194_ST"
                    ],
                    "promotionTheme": {
                        "code": "Z008",
                        "visible": null
                    },
                    "textLabelGenerated": "Klubbpris",
                    "textLabelManual": null,
                    "lowestHistoricalPrice": {
                        "currencyIso": "SEK",
                        "value": 38.95,
                        "priceType": "BUY",
                        "formattedValue": "38,95 kr",
                        "minQuantity": null,
                        "maxQuantity": null
                    },
                    "price": {
                        "currencyIso": "SEK",
                        "value": 29.95,
                        "priceType": "BUY",
                        "formattedValue": "29,95 kr",
                        "minQuantity": null,
                        "maxQuantity": null
                    },
                    "promotionType": "MixMatchPricePromotion",
                    "conditionLabel": "",
                    "rewardLabel": "29,95 kr",
                    "textLabel": "Klubbpris",
                    "redeemLimitLabel": "",
                    "cartLabel": null,
                    "validUntil": null,
                    "timesUsed": null,
                    "qualifyingCount": 1,
                    "comparePrice": "85,57 kr",
                    "splashTitleText": "Klubbpris",
                    "realMixAndMatch": false,
                    "mainProductCode": "101231193_ST",
                    "conditionLabelFormatted": "",
                    "promotionRedeemLimit": null,
                    "promotionPercentage": null,
                    "cartLabelFormatted": "",
                    "priority": 608,
                    "code": "2500269744"
                },
                {
                    "threshold": null,
                    "applied": false,
                    "campaignType": "GENERAL",
                    "offerStatus": null,
                    "productCodes": [
                        "101231193_ST",
                        "101231194_ST"
                    ],
                    "promotionTheme": {
                        "code": "Z019",
                        "visible": null
                    },
                    "textLabelGenerated": "Alltid bra pris!",
                    "textLabelManual": null,
                    "lowestHistoricalPrice": null,
                    "price": {
                        "currencyIso": "SEK",
                        "value": 38.95,
                        "priceType": "BUY",
                        "formattedValue": "38,95 kr",
                        "minQuantity": null,
                        "maxQuantity": null
                    },
                    "promotionType": "MixMatchPricePromotion",
                    "conditionLabel": "",
                    "rewardLabel": "38,95 kr",
                    "textLabel": "Alltid bra pris!",
                    "redeemLimitLabel": "",
                    "cartLabel": null,
                    "validUntil": null,
                    "timesUsed": null,
                    "qualifyingCount": 1,
                    "comparePrice": "111,28 kr",
                    "splashTitleText": "Alltid bra pris",
                    "realMixAndMatch": false,
                    "mainProductCode": "101231193_ST",
                    "conditionLabelFormatted": "",
                    "promotionRedeemLimit": null,
                    "promotionPercentage": null,
                    "cartLabelFormatted": "",
                    "priority": 208,
                    "code": "10009465445"
                }
            ],
            "inactivePotentialPromotions": [],
            "priceValue": 38.95,
            "price": "38,95 kr",
            "image": {
                "imageType": "PRIMARY",
                "format": "product",
                "url": "https://assets.axfood.se/image/upload/f_auto,t_200/07340083442612_C1N1_s02",
                "altText": null,
                "galleryIndex": null,
                "width": null
            },
            "ranking": 460.9118402909074,
            "depositPrice": "",
            "averageWeight": null,
            "comparePrice": "111,28 kr",
            "comparePriceUnit": "kg",
            "isDrugProduct": false,
            "solrSearchScore": 0.7614262700080872,
            "energyDeclaration": null,
            "newsSplashProduct": false,
            "notAllowedB2b": false,
            "notAllowedAnonymous": false,
            "productLine2": "GARANT EKO, 350g",
            "pickupProductLine2": "GARANT EKO, 350g",
            "priceUnit": "kr/st",
            "priceNoUnit": "38,95",
            "savingsAmount": 9.0,
            "googleAnalyticsCategory": "skafferi|bakning|baktillbehor",
            "gdprTrackingIncompliant": false,
            "nicotineMedicalProduct": false,
            "tobaccoFreeNicotineProduct": false,
            "nonEkoProduct": false,
            "precautionaryStatements": [],
            "hazards": [],
            "tobaccoProduct": false,
            "showGoodPriceIcon": false,
            "labels": [
                "ecological",
                "eu_ecological"
            ],
            "seoDescription": "",
            "seoTitle": "",
            "manufacturer": "Garant Eko",
            "incrementValue": 1.0,
            "productBasketType": {
                "code": "ST",
                "type": "ProductBasketTypeEnum"
            },
            "bargainProduct": false,
            "addToCartMessage": "",
            "thumbnail": {
                "imageType": "PRIMARY",
                "format": "thumbnail",
                "url": "https://assets.axfood.se/image/upload/f_auto,t_100/07340083442612_C1N1_s02",
                "altText": null,
                "galleryIndex": null,
                "width": null
            },
            "outOfStock": false,
            "online": true,
            "displayVolume": "350g",
            "addToCartDisabled": false,
            "name": "Jordnötssmör Crunchy Ekologiskt",
            "code": "101231193_ST"
        },
        {
            "potentialPromotions": [
                {
                    "threshold": null,
                    "applied": false,
                    "campaignType": "LOYALTY",
                    "offerStatus": null,
                    "productCodes": [
                        "101259473_ST",
                        "101582830_ST"
                    ],
                    "promotionTheme": {
                        "code": "Z020",
                        "visible": null
                    },
                    "textLabelGenerated": "Klubbpris",
                    "textLabelManual": null,
                    "lowestHistoricalPrice": {
                        "currencyIso": "SEK",
                        "value": 47.95,
                        "priceType": "BUY",
                        "formattedValue": "47,95 kr",
                        "minQuantity": null,
                        "maxQuantity": null
                    },
                    "price": {
                        "currencyIso": "SEK",
                        "value": 35.0,
                        "priceType": "BUY",
                        "formattedValue": "35,00 kr",
                        "minQuantity": null,
                        "maxQuantity": null
                    },
                    "promotionType": "MixMatchPricePromotion",
                    "conditionLabel": "",
                    "rewardLabel": "35 kr",
                    "textLabel": "Klubbpris",
                    "redeemLimitLabel": "",
                    "cartLabel": null,
                    "validUntil": null,
                    "timesUsed": null,
                    "qualifyingCount": 1,
                    "comparePrice": "43,75 kr",
                    "splashTitleText": "",
                    "realMixAndMatch": false,
                    "mainProductCode": "101259473_ST",
                    "conditionLabelFormatted": "",
                    "promotionRedeemLimit": null,
                    "promotionPercentage": null,
                    "cartLabelFormatted": "",
                    "priority": 608,
                    "code": "2500269750"
                },
                {
                    "threshold": null,
                    "applied": false,
                    "campaignType": "GENERAL",
                    "offerStatus": null,
                    "productCodes": [
                        "101259473_ST"
                    ],
                    "promotionTheme": {
                        "code": "Z019",
                        "visible": null
                    },
                    "textLabelGenerated": "Alltid bra pris!",
                    "textLabelManual": null,
                    "lowestHistoricalPrice": null,
                    "price": {
                        "currencyIso": "SEK",
                        "value": 47.95,
                        "priceType": "BUY",
                        "formattedValue": "47,95 kr",
                        "minQuantity": null,
                        "maxQuantity": null
                    },
                    "promotionType": "MixMatchPricePromotion",
                    "conditionLabel": "",
                    "rewardLabel": "47,95 kr",
                    "textLabel": "Alltid bra pris!",
                    "redeemLimitLabel": "",
                    "cartLabel": null,
                    "validUntil": null,
                    "timesUsed": null,
                    "qualifyingCount": 1,
                    "comparePrice": "59,94 kr",
                    "splashTitleText": "Alltid bra pris",
                    "realMixAndMatch": false,
                    "mainProductCode": "101259473_ST",
                    "conditionLabelFormatted": "",
                    "promotionRedeemLimit": null,
                    "promotionPercentage": null,
                    "cartLabelFormatted": "",
                    "priority": 208,
                    "code": "10009465418"
                }
            ],
            "inactivePotentialPromotions": [],
            "priceValue": 47.95,
            "price": "47,95 kr",
            "image": {
                "imageType": "PRIMARY",
                "format": "product",
                "url": "https://assets.axfood.se/image/upload/f_auto,t_200/07340083455193_C1N1_s04",
                "altText": null,
                "galleryIndex": null,
                "width": null
            },
            "ranking": 460.9118402876306,
            "depositPrice": "",
            "averageWeight": null,
            "comparePrice": "59,94 kr",
            "comparePriceUnit": "kg",
            "isDrugProduct": false,
            "solrSearchScore": 0.7614262700080872,
            "energyDeclaration": null,
            "newsSplashProduct": false,
            "notAllowedB2b": false,
            "notAllowedAnonymous": false,
            "productLine2": "GARANT, 800g",
            "pickupProductLine2": "GARANT, 800g",
            "priceUnit": "kr/st",
            "priceNoUnit": "47,95",
            "savingsAmount": 12.95,
            "googleAnalyticsCategory": "vegetariskt|fryst-vegetariskt",
            "gdprTrackingIncompliant": false,
            "nicotineMedicalProduct": false,
            "tobaccoFreeNicotineProduct": false,
            "nonEkoProduct": false,
            "precautionaryStatements": [],
            "hazards": [],
            "tobaccoProduct": false,
            "showGoodPriceIcon": false,
            "labels": [],
            "seoDescription": "",
            "seoTitle": "",
            "manufacturer": "Garant",
            "incrementValue": 1.0,
            "productBasketType": {
                "code": "ST",
                "type": "ProductBasketTypeEnum"
            },
            "bargainProduct": false,
            "addToCartMessage": "",
            "thumbnail": {
                "imageType": "PRIMARY",
                "format": "thumbnail",
                "url": "https://assets.axfood.se/image/upload/f_auto,t_100/07340083455193_C1N1_s04",
                "altText": null,
                "galleryIndex": null,
                "width": null
            },
            "outOfStock": false,
            "online": true,
            "displayVolume": "800g",
            "addToCartDisabled": false,
            "name": "Falafel Fryst",
            "code": "101259473_ST"
        },
        {
            "potentialPromotions": [
                {
                    "threshold": null,
                    "applied": false,
                    "campaignType": "LOYALTY",
                    "offerStatus": null,
                    "productCodes": [
                        "101266950_ST"
                    ],
                    "promotionTheme": {
                        "code": "Z008",
                        "visible": null
                    },
                    "textLabelGenerated": "Klubbpris",
                    "textLabelManual": null,
                    "lowestHistoricalPrice": {
                        "currencyIso": "SEK",
                        "value": 74.95,
                        "priceType": "BUY",
                        "formattedValue": "74,95 kr",
                        "minQuantity": null,
                        "maxQuantity": null
                    },
                    "price": {
                        "currencyIso": "SEK",
                        "value": 59.95,
                        "priceType": "BUY",
                        "formattedValue": "59,95 kr",
                        "minQuantity": null,
                        "maxQuantity": null
                    },
                    "promotionType": "MixMatchPricePromotion",
                    "conditionLabel": "",
                    "rewardLabel": "59,95 kr",
                    "textLabel": "Klubbpris",
                    "redeemLimitLabel": "Max 2 köp",
                    "cartLabel": null,
                    "validUntil": null,
                    "timesUsed": null,
                    "qualifyingCount": 1,
                    "comparePrice": "66,61 kr",
                    "splashTitleText": "Klubbpris",
                    "realMixAndMatch": false,
                    "mainProductCode": "101266950_ST",
                    "conditionLabelFormatted": "",
                    "promotionRedeemLimit": null,
                    "promotionPercentage": null,
                    "cartLabelFormatted": "",
                    "priority": 608,
                    "code": "2500269755"
                }
            ],
            "inactivePotentialPromotions": [],
            "priceValue": 74.95,
            "price": "74,95 kr",
            "image": {
                "imageType": "PRIMARY",
                "format": "product",
                "url": "https://assets.axfood.se/image/upload/f_auto,t_200/07340083410956_C1C1_s01",
                "altText": null,
                "galleryIndex": null,
                "width": null
            },
            "ranking": 460.9118402843538,
            "depositPrice": "",
            "averageWeight": null,
            "comparePrice": "83,28 kr",
            "comparePriceUnit": "kg",
            "isDrugProduct": false,
            "solrSearchScore": 2.3155314922332764,
            "energyDeclaration": null,
            "newsSplashProduct": false,
            "notAllowedB2b": false,
            "notAllowedAnonymous": false,
            "productLine2": "ELDORADO, 900g",
            "pickupProductLine2": "ELDORADO, 900g",
            "priceUnit": "kr/st",
            "priceNoUnit": "74,95",
            "savingsAmount": 15.0,
            "googleAnalyticsCategory": "fryst|kott-och-kyckling|kyckling-och-ovrig-fagel",
            "gdprTrackingIncompliant": false,
            "nicotineMedicalProduct": false,
            "tobaccoFreeNicotineProduct": false,
            "nonEkoProduct": false,
            "precautionaryStatements": [],
            "hazards": [],
            "tobaccoProduct": false,
            "showGoodPriceIcon": false,
            "labels": [],
            "seoDescription": "",
            "seoTitle": "",
            "manufacturer": "Eldorado",
            "incrementValue": 1.0,
            "productBasketType": {
                "code": "ST",
                "type": "ProductBasketTypeEnum"
            },
            "bargainProduct": false,
            "addToCartMessage": "",
            "thumbnail": {
                "imageType": "PRIMARY",
                "format": "thumbnail",
                "url": "https://assets.axfood.se/image/upload/f_auto,t_100/07340083410956_C1C1_s01",
                "altText": null,
                "galleryIndex": null,
                "width": null
            },
            "outOfStock": false,
            "online": true,
            "displayVolume": "900g",
            "addToCartDisabled": false,
            "name": "Kyckling Filé Fryst",
            "code": "101266950_ST"
        },
        {
            "potentialPromotions": [
                {
                    "threshold": null,
                    "applied": false,
                    "campaignType": "LOYALTY",
                    "offerStatus": null,
                    "productCodes": [
                        "100365418_ST",
                        "101269420_ST",
                        "101406960_ST"
                    ],
                    "promotionTheme": {
                        "code": "Z008",
                        "visible": null
                    },
                    "textLabelGenerated": "Klubbpris",
                    "textLabelManual": null,
                    "lowestHistoricalPrice": {
                        "currencyIso": "SEK",
                        "value": 37.95,
                        "priceType": "BUY",
                        "formattedValue": "37,95 kr",
                        "minQuantity": null,
                        "maxQuantity": null
                    },
                    "price": {
                        "currencyIso": "SEK",
                        "value": 29.95,
                        "priceType": "BUY",
                        "formattedValue": "29,95 kr",
                        "minQuantity": null,
                        "maxQuantity": null
                    },
                    "promotionType": "MixMatchPricePromotion",
                    "conditionLabel": "",
                    "rewardLabel": "29,95 kr",
                    "textLabel": "Klubbpris",
                    "redeemLimitLabel": "",
                    "cartLabel": null,
                    "validUntil": null,
                    "timesUsed": null,
                    "qualifyingCount": 1,
                    "comparePrice": "29,95 kr",
                    "splashTitleText": "Klubbpris",
                    "realMixAndMatch": false,
                    "mainProductCode": "100365418_ST",
                    "conditionLabelFormatted": "",
                    "promotionRedeemLimit": null,
                    "promotionPercentage": null,
                    "cartLabelFormatted": "",
                    "priority": 608,
                    "code": "2500269806"
                }
            ],
            "inactivePotentialPromotions": [],
            "priceValue": 37.95,
            "price": "37,95 kr",
            "image": {
                "imageType": "PRIMARY",
                "format": "product",
                "url": "https://assets.axfood.se/image/upload/f_auto,t_200/08715700016504_C1C1_s01",
                "altText": null,
                "galleryIndex": null,
                "width": null
            },
            "ranking": 460.911840281077,
            "depositPrice": "",
            "averageWeight": null,
            "comparePrice": "37,95 kr",
            "comparePriceUnit": "kg",
            "isDrugProduct": false,
            "solrSearchScore": 2.3155314922332764,
            "energyDeclaration": null,
            "newsSplashProduct": false,
            "notAllowedB2b": false,
            "notAllowedAnonymous": false,
            "productLine2": "HEINZ, 1kg",
            "pickupProductLine2": "HEINZ, 1kg",
            "priceUnit": "kr/st",
            "priceNoUnit": "37,95",
            "savingsAmount": 8.0,
            "googleAnalyticsCategory": "skafferi|kryddor-och-smaksattare|ketchup-och-senap",
            "gdprTrackingIncompliant": false,
            "nicotineMedicalProduct": false,
            "tobaccoFreeNicotineProduct": false,
            "nonEkoProduct": false,
            "precautionaryStatements": [],
            "hazards": [],
            "tobaccoProduct": false,
            "showGoodPriceIcon": false,
            "labels": [],
            "seoDescription": "",
            "seoTitle": "",
            "manufacturer": "Heinz",
            "incrementValue": 1.0,
            "productBasketType": {
                "code": "ST",
                "type": "ProductBasketTypeEnum"
            },
            "bargainProduct": false,
            "addToCartMessage": "",
            "thumbnail": {
                "imageType": "PRIMARY",
                "format": "thumbnail",
                "url": "https://assets.axfood.se/image/upload/f_auto,t_100/08715700016504_C1C1_s01",
                "altText": null,
                "galleryIndex": null,
                "width": null
            },
            "outOfStock": false,
            "online": true,
            "displayVolume": "1kg",
            "addToCartDisabled": false,
            "name": "Tomatketchup",
            "code": "100365418_ST"
        },
        {
            "potentialPromotions": [
                {
                    "threshold": null,
                    "applied": false,
                    "campaignType": "LOYALTY",
                    "offerStatus": null,
                    "productCodes": [
                        "101212661_ST",
                        "101270697_ST"
                    ],
                    "promotionTheme": {
                        "code": "Z008",
                        "visible": null
                    },
                    "textLabelGenerated": "Klubbpris",
                    "textLabelManual": null,
                    "lowestHistoricalPrice": {
                        "currencyIso": "SEK",
                        "value": 11.95,
                        "priceType": "BUY",
                        "formattedValue": "11,95 kr",
                        "minQuantity": null,
                        "maxQuantity": null
                    },
                    "price": {
                        "currencyIso": "SEK",
                        "value": 8.0,
                        "priceType": "BUY",
                        "formattedValue": "8,00 kr",
                        "minQuantity": null,
                        "maxQuantity": null
                    },
                    "promotionType": "MixMatchPricePromotion",
                    "conditionLabel": "",
                    "rewardLabel": "8 kr",
                    "textLabel": "Klubbpris",
                    "redeemLimitLabel": "",
                    "cartLabel": null,
                    "validUntil": null,
                    "timesUsed": null,
                    "qualifyingCount": 1,
                    "comparePrice": "5,33 kr",
                    "splashTitleText": "Klubbpris",
                    "realMixAndMatch": false,
                    "mainProductCode": "101212661_ST",
                    "conditionLabelFormatted": "",
                    "promotionRedeemLimit": null,
                    "promotionPercentage": null,
                    "cartLabelFormatted": "",
                    "priority": 608,
                    "code": "2500269958"
                }
            ],
            "inactivePotentialPromotions": [],
            "priceValue": 11.95,
            "price": "11,95 kr",
            "image": {
                "imageType": "PRIMARY",
                "format": "product",
                "url": "https://assets.axfood.se/image/upload/f_auto,t_200/07611612513760_C1N1_s01",
                "altText": null,
                "galleryIndex": null,
                "width": null
            },
            "ranking": 460.9118402778002,
            "depositPrice": "2,00 kr",
            "averageWeight": null,
            "comparePrice": "7,97 kr",
            "comparePriceUnit": "l",
            "isDrugProduct": false,
            "solrSearchScore": 2.3155314922332764,
            "energyDeclaration": null,
            "newsSplashProduct": false,
            "notAllowedB2b": false,
            "notAllowedAnonymous": false,
            "productLine2": "PREMIER, 1,5l",
            "pickupProductLine2": "PREMIER, 1,5l",
            "priceUnit": "kr/st",
            "priceNoUnit": "11,95",
            "savingsAmount": 3.95,
            "googleAnalyticsCategory": "dryck|lask|lask-stor",
            "gdprTrackingIncompliant": false,
            "nicotineMedicalProduct": false,
            "tobaccoFreeNicotineProduct": false,
            "nonEkoProduct": false,
            "precautionaryStatements": [],
            "hazards": [],
            "tobaccoProduct": false,
            "showGoodPriceIcon": false,
            "labels": [],
            "seoDescription": "",
            "seoTitle": "",
            "manufacturer": "Premier",
            "incrementValue": 1.0,
            "productBasketType": {
                "code": "ST",
                "type": "ProductBasketTypeEnum"
            },
            "bargainProduct": false,
            "addToCartMessage": "",
            "thumbnail": {
                "imageType": "PRIMARY",
                "format": "thumbnail",
                "url": "https://assets.axfood.se/image/upload/f_auto,t_100/07611612513760_C1N1_s01",
                "altText": null,
                "galleryIndex": null,
                "width": null
            },
            "outOfStock": false,
            "online": true,
            "displayVolume": "1,5l",
            "addToCartDisabled": false,
            "name": "Julmust Läsk Pet",
            "code": "101212661_ST"
        },
        {
            "potentialPromotions": [
                {
                    "threshold": null,
                    "applied": false,
                    "campaignType": "LOYALTY",
                    "offerStatus": null,
                    "productCodes": [
                        "100842313_ST",
                        "100842171_ST",
                        "101419274_ST",
                        "101689271_ST",
                        "100842260_ST",
                        "101689272_ST",
                        "101271182_ST",
                        "101245722_ST"
                    ],
                    "promotionTheme": {
                        "code": "Z008",
                        "visible": null
                    },
                    "textLabelGenerated": "Klubbpris",
                    "textLabelManual": null,
                    "lowestHistoricalPrice": {
                        "currencyIso": "SEK",
                        "value": 30.95,
                        "priceType": "BUY",
                        "formattedValue": "30,95 kr",
                        "minQuantity": null,
                        "maxQuantity": null
                    },
                    "price": {
                        "currencyIso": "SEK",
                        "value": 25.0,
                        "priceType": "BUY",
                        "formattedValue": "25,00 kr",
                        "minQuantity": null,
                        "maxQuantity": null
                    },
                    "promotionType": "MixMatchPricePromotion",
                    "conditionLabel": "",
                    "rewardLabel": "25 kr",
                    "textLabel": "Klubbpris",
                    "redeemLimitLabel": "",
                    "cartLabel": null,
                    "validUntil": null,
                    "timesUsed": null,
                    "qualifyingCount": 1,
                    "comparePrice": "50,00 kr",
                    "splashTitleText": "Klubbpris",
                    "realMixAndMatch": false,
                    "mainProductCode": "100842313_ST",
                    "conditionLabelFormatted": "",
                    "promotionRedeemLimit": null,
                    "promotionPercentage": null,
                    "cartLabelFormatted": "",
                    "priority": 608,
                    "code": "2500263623"
                }
            ],
            "inactivePotentialPromotions": [],
            "priceValue": 30.95,
            "price": "30,95 kr",
            "image": {
                "imageType": "PRIMARY",
                "format": "product",
                "url": "https://assets.axfood.se/image/upload/f_auto,t_200/05760466878234_C1L1_s03",
                "altText": null,
                "galleryIndex": null,
                "width": null
            },
            "ranking": 460.9118402712466,
            "depositPrice": "",
            "averageWeight": null,
            "comparePrice": "61,90 kr",
            "comparePriceUnit": "l",
            "isDrugProduct": false,
            "solrSearchScore": 2.3155314922332764,
            "energyDeclaration": null,
            "newsSplashProduct": false,
            "notAllowedB2b": false,
            "notAllowedAnonymous": false,
            "productLine2": "KELDA, 5dl",
            "pickupProductLine2": "KELDA, 5dl",
            "priceUnit": "kr/st",
            "priceNoUnit": "30,95",
            "savingsAmount": 5.95,
            "googleAnalyticsCategory": "fardigmat|portionsratter|fardiga-soppor-och-grytor",
            "gdprTrackingIncompliant": false,
            "nicotineMedicalProduct": false,
            "tobaccoFreeNicotineProduct": false,
            "nonEkoProduct": false,
            "precautionaryStatements": [],
            "hazards": [],
            "tobaccoProduct": false,
            "showGoodPriceIcon": false,
            "labels": [],
            "seoDescription": "",
            "seoTitle": "",
            "manufacturer": "Kelda",
            "incrementValue": 1.0,
            "productBasketType": {
                "code": "ST",
                "type": "ProductBasketTypeEnum"
            },
            "bargainProduct": false,
            "addToCartMessage": "",
            "thumbnail": {
                "imageType": "PRIMARY",
                "format": "thumbnail",
                "url": "https://assets.axfood.se/image/upload/f_auto,t_100/05760466878234_C1L1_s03",
                "altText": null,
                "galleryIndex": null,
                "width": null
            },
            "outOfStock": false,
            "online": true,
            "displayVolume": "5dl",
            "addToCartDisabled": false,
            "name": "Tomatsoppa Mild",
            "code": "100842313_ST"
        },
        {
            "potentialPromotions": [
                {
                    "threshold": null,
                    "applied": false,
                    "campaignType": "GENERAL",
                    "offerStatus": null,
                    "productCodes": [
                        "100453509_ST",
                        "100737044_ST",
                        "100737892_ST"
                    ],
                    "promotionTheme": {
                        "code": "Z083",
                        "visible": null
                    },
                    "textLabelGenerated": "",
                    "textLabelManual": null,
                    "lowestHistoricalPrice": {
                        "currencyIso": "SEK",
                        "value": 27.95,
                        "priceType": "BUY",
                        "formattedValue": "27,95 kr",
                        "minQuantity": null,
                        "maxQuantity": null
                    },
                    "price": {
                        "currencyIso": "SEK",
                        "value": 20.0,
                        "priceType": "BUY",
                        "formattedValue": "20,00 kr",
                        "minQuantity": null,
                        "maxQuantity": null
                    },
                    "promotionType": "MixMatchPricePromotion",
                    "conditionLabel": "",
                    "rewardLabel": "20 kr",
                    "textLabel": "",
                    "redeemLimitLabel": "",
                    "cartLabel": null,
                    "validUntil": null,
                    "timesUsed": null,
                    "qualifyingCount": 1,
                    "comparePrice": "36,36 kr",
                    "splashTitleText": "Kampanj",
                    "realMixAndMatch": false,
                    "mainProductCode": "100453509_ST",
                    "conditionLabelFormatted": "",
                    "promotionRedeemLimit": null,
                    "promotionPercentage": null,
                    "cartLabelFormatted": "",
                    "priority": 508,
                    "code": "2500281394"
                }
            ],
            "inactivePotentialPromotions": [],
            "priceValue": 27.95,
            "price": "27,95 kr",
            "image": {
                "imageType": "PRIMARY",
                "format": "product",
                "url": "https://assets.axfood.se/image/upload/f_auto,t_200/07300400118125_C1R1_s01",
                "altText": null,
                "galleryIndex": null,
                "width": null
            },
            "ranking": 350.9118406054802,
            "depositPrice": "",
            "averageWeight": null,
            "comparePrice": "50,82 kr",
            "comparePriceUnit": "kg",
            "isDrugProduct": false,
            "solrSearchScore": 0.7614262700080872,
            "energyDeclaration": null,
            "newsSplashProduct": false,
            "notAllowedB2b": false,
            "notAllowedAnonymous": false,
            "productLine2": "WASA, 550g",
            "pickupProductLine2": "WASA, 550g",
            "priceUnit": "kr/st",
            "priceNoUnit": "27,95",
            "savingsAmount": 7.95,
            "googleAnalyticsCategory": "brod-och-kakor|knackebrod-och-skorpor|knackebrod",
            "gdprTrackingIncompliant": false,
            "nicotineMedicalProduct": false,
            "tobaccoFreeNicotineProduct": false,
            "nonEkoProduct": false,
            "precautionaryStatements": [],
            "hazards": [],
            "tobaccoProduct": false,
            "showGoodPriceIcon": false,
            "labels": [
                "keyhole"
            ],
            "seoDescription": "",
            "seoTitle": "",
            "manufacturer": "Wasa",
            "incrementValue": 1.0,
            "productBasketType": {
                "code": "ST",
                "type": "ProductBasketTypeEnum"
            },
            "bargainProduct": false,
            "addToCartMessage": "",
            "thumbnail": {
                "imageType": "PRIMARY",
                "format": "thumbnail",
                "url": "https://assets.axfood.se/image/upload/f_auto,t_100/07300400118125_C1R1_s01",
                "altText": null,
                "galleryIndex": null,
                "width": null
            },
            "outOfStock": false,
            "online": true,
            "displayVolume": "550g",
            "addToCartDisabled": false,
            "name": "Rågi Rågknäckebröd",
            "code": "100453509_ST"
        },
        {
            "potentialPromotions": [
                {
                    "threshold": null,
                    "applied": false,
                    "campaignType": "GENERAL",
                    "offerStatus": null,
                    "productCodes": [
                        "101355534_ST",
                        "101542850_ST",
                        "101666917_ST",
                        "101781626_ST",
                        "101550534_ST",
                        "101708302_ST",
                        "101330942_ST",
                        "101599209_ST",
                        "101708303_ST",
                        "101311096_ST",
                        "101550536_ST",
                        "101494447_ST",
                        "101781627_ST",
                        "101781648_ST",
                        "101264914_ST",
                        "101246142_ST",
                        "101364631_ST",
                        "101338323_ST",
                        "101260357_ST",
                        "101404983_ST",
                        "101607218_ST"
                    ],
                    "promotionTheme": {
                        "code": "Z001",
                        "visible": null
                    },
                    "textLabelGenerated": "",
                    "textLabelManual": null,
                    "lowestHistoricalPrice": {
                        "currencyIso": "SEK",
                        "value": 22.95,
                        "priceType": "BUY",
                        "formattedValue": "22,95 kr",
                        "minQuantity": null,
                        "maxQuantity": null
                    },
                    "price": {
                        "currencyIso": "SEK",
                        "value": 15.0,
                        "priceType": "BUY",
                        "formattedValue": "15,00 kr",
                        "minQuantity": null,
                        "maxQuantity": null
                    },
                    "promotionType": "MixMatchPricePromotion",
                    "conditionLabel": "",
                    "rewardLabel": "15 kr",
                    "textLabel": "",
                    "redeemLimitLabel": "",
                    "cartLabel": null,
                    "validUntil": null,
                    "timesUsed": null,
                    "qualifyingCount": 1,
                    "comparePrice": "45,45 kr",
                    "splashTitleText": "Kampanj",
                    "realMixAndMatch": false,
                    "mainProductCode": "101355534_ST",
                    "conditionLabelFormatted": "",
                    "promotionRedeemLimit": null,
                    "promotionPercentage": null,
                    "cartLabelFormatted": "",
                    "priority": 508,
                    "code": "2500280718"
                },
                {
                    "threshold": null,
                    "applied": false,
                    "campaignType": "GENERAL",
                    "offerStatus": null,
                    "productCodes": [
                        "101246142_ST",
                        "101260357_ST",
                        "101264914_ST",
                        "101311096_ST",
                        "101330942_ST",
                        "101338323_ST",
                        "101355534_ST",
                        "101364631_ST",
                        "101404983_ST",
                        "101494447_ST",
                        "101542850_ST",
                        "101550534_ST",
                        "101550536_ST",
                        "101599209_ST",
                        "101607218_ST",
                        "101666917_ST",
                        "101708302_ST",
                        "101708303_ST",
                        "101781626_ST",
                        "101781627_ST",
                        "101781648_ST"
                    ],
                    "promotionTheme": {
                        "code": "Z019",
                        "visible": null
                    },
                    "textLabelGenerated": "Alltid bra pris!",
                    "textLabelManual": null,
                    "lowestHistoricalPrice": null,
                    "price": {
                        "currencyIso": "SEK",
                        "value": 20.0,
                        "priceType": "BUY",
                        "formattedValue": "20,00 kr",
                        "minQuantity": null,
                        "maxQuantity": null
                    },
                    "promotionType": "MixMatchPricePromotion",
                    "conditionLabel": "2 för",
                    "rewardLabel": "40 kr",
                    "textLabel": "Alltid bra pris!",
                    "redeemLimitLabel": "",
                    "cartLabel": null,
                    "validUntil": null,
                    "timesUsed": null,
                    "qualifyingCount": 2,
                    "comparePrice": "60,61 kr",
                    "splashTitleText": "Alltid bra pris",
                    "realMixAndMatch": true,
                    "mainProductCode": "101231351_ST",
                    "conditionLabelFormatted": "",
                    "promotionRedeemLimit": null,
                    "promotionPercentage": null,
                    "cartLabelFormatted": "",
                    "priority": 208,
                    "code": "10009465289"
                }
            ],
            "inactivePotentialPromotions": [],
            "priceValue": 22.95,
            "price": "22,95 kr",
            "image": {
                "imageType": "PRIMARY",
                "format": "product",
                "url": "https://assets.axfood.se/image/upload/f_auto,t_200/07340131602890_C1N1_s04",
                "altText": null,
                "galleryIndex": null,
                "width": null
            },
            "ranking": 350.9118404907922,
            "depositPrice": "1,00 kr",
            "averageWeight": null,
            "comparePrice": "69,55 kr",
            "comparePriceUnit": "l",
            "isDrugProduct": false,
            "solrSearchScore": 0.7614262700080872,
            "energyDeclaration": null,
            "newsSplashProduct": false,
            "notAllowedB2b": false,
            "notAllowedAnonymous": false,
            "productLine2": "NOCCO, 33cl",
            "pickupProductLine2": "NOCCO, 33cl",
            "priceUnit": "kr/st",
            "priceNoUnit": "22,95",
            "savingsAmount": 7.95,
            "googleAnalyticsCategory": "dryck|sport-och-energidryck|energidryck",
            "gdprTrackingIncompliant": false,
            "nicotineMedicalProduct": false,
            "tobaccoFreeNicotineProduct": false,
            "nonEkoProduct": false,
            "precautionaryStatements": [],
            "hazards": [],
            "tobaccoProduct": false,
            "showGoodPriceIcon": false,
            "labels": [
                "age_restricted_15"
            ],
            "seoDescription": "",
            "seoTitle": "",
            "manufacturer": "Nocco",
            "incrementValue": 1.0,
            "productBasketType": {
                "code": "ST",
                "type": "ProductBasketTypeEnum"
            },
            "bargainProduct": false,
            "addToCartMessage": "",
            "thumbnail": {
                "imageType": "PRIMARY",
                "format": "thumbnail",
                "url": "https://assets.axfood.se/image/upload/f_auto,t_100/07340131602890_C1N1_s04",
                "altText": null,
                "galleryIndex": null,
                "width": null
            },
            "outOfStock": false,
            "online": true,
            "displayVolume": "33cl",
            "addToCartDisabled": false,
            "name": "Ramonade Sockerfri Energidryck, Burk",
            "code": "101355534_ST"
        },
        {
            "potentialPromotions": [
                {
                    "threshold": null,
                    "applied": false,
                    "campaignType": "GENERAL",
                    "offerStatus": null,
                    "productCodes": [
                        "101263170_ST"
                    ],
                    "promotionTheme": {
                        "code": "Z083",
                        "visible": null
                    },
                    "textLabelGenerated": "",
                    "textLabelManual": "Gäller endast online",
                    "lowestHistoricalPrice": null,
                    "price": {
                        "currencyIso": "SEK",
                        "value": 120.0,
                        "priceType": "BUY",
                        "formattedValue": "120,00 kr",
                        "minQuantity": null,
                        "maxQuantity": null
                    },
                    "promotionType": "MixMatchPricePromotion",
                    "conditionLabel": "2 för",
                    "rewardLabel": "240 kr",
                    "textLabel": "Gäller endast online",
                    "redeemLimitLabel": "",
                    "cartLabel": null,
                    "validUntil": null,
                    "timesUsed": null,
                    "qualifyingCount": 2,
                    "comparePrice": "4,00 kr",
                    "splashTitleText": "Kampanj",
                    "realMixAndMatch": false,
                    "mainProductCode": "101263170_ST",
                    "conditionLabelFormatted": "",
                    "promotionRedeemLimit": null,
                    "promotionPercentage": null,
                    "cartLabelFormatted": "",
                    "priority": 508,
                    "code": "10009465658"
                }
            ],
            "inactivePotentialPromotions": [],
            "priceValue": 135.0,
            "price": "135,00 kr",
            "image": {
                "imageType": "PRIMARY",
                "format": "product",
                "url": "https://assets.axfood.se/image/upload/f_auto,t_200/07340083456466_C1L1_s02",
                "altText": null,
                "galleryIndex": null,
                "width": null
            },
            "ranking": 350.9110900446098,
            "depositPrice": "",
            "averageWeight": null,
            "comparePrice": "4,50 kr",
            "comparePriceUnit": "st",
            "isDrugProduct": false,
            "solrSearchScore": 0.7614262700080872,
            "energyDeclaration": null,
            "newsSplashProduct": false,
            "notAllowedB2b": false,
            "notAllowedAnonymous": false,
            "productLine2": "FIXA, 30p",
            "pickupProductLine2": "FIXA, 30p",
            "priceUnit": "kr/st",
            "priceNoUnit": "135,00",
            "savingsAmount": 30.0,
            "googleAnalyticsCategory": "hem-och-hushall|hem-och-inredning|ljus",
            "gdprTrackingIncompliant": false,
            "nicotineMedicalProduct": false,
            "tobaccoFreeNicotineProduct": false,
            "nonEkoProduct": false,
            "precautionaryStatements": [],
            "hazards": [],
            "tobaccoProduct": false,
            "showGoodPriceIcon": false,
            "labels": [
                "swan",
                "environmental_facet"
            ],
            "seoDescription": "",
            "seoTitle": "",
            "manufacturer": "Fixa",
            "incrementValue": 1.0,
            "productBasketType": {
                "code": "ST",
                "type": "ProductBasketTypeEnum"
            },
            "bargainProduct": false,
            "addToCartMessage": "",
            "thumbnail": {
                "imageType": "PRIMARY",
                "format": "thumbnail",
                "url": "https://assets.axfood.se/image/upload/f_auto,t_100/07340083456466_C1L1_s02",
                "altText": null,
                "galleryIndex": null,
                "width": null
            },
            "outOfStock": false,
            "online": true,
            "displayVolume": "30p",
            "addToCartDisabled": false,
            "name": "Kronljus Vit 20cm",
            "code": "101263170_ST"
        },
        {
            "potentialPromotions": [
                {
                    "threshold": null,
                    "applied": false,
                    "campaignType": "GENERAL",
                    "offerStatus": null,
                    "productCodes": [
                        "101353780_ST"
                    ],
                    "promotionTheme": {
                        "code": "Z083",
                        "visible": null
                    },
                    "textLabelGenerated": "",
                    "textLabelManual": "Gäller endast online",
                    "lowestHistoricalPrice": null,
                    "price": {
                        "currencyIso": "SEK",
                        "value": 17.5,
                        "priceType": "BUY",
                        "formattedValue": "17,50 kr",
                        "minQuantity": null,
                        "maxQuantity": null
                    },
                    "promotionType": "MixMatchPricePromotion",
                    "conditionLabel": "4 för",
                    "rewardLabel": "70 kr",
                    "textLabel": "Gäller endast online",
                    "redeemLimitLabel": "",
                    "cartLabel": null,
                    "validUntil": null,
                    "timesUsed": null,
                    "qualifyingCount": 4,
                    "comparePrice": "140,00 kr",
                    "splashTitleText": "Kampanj",
                    "realMixAndMatch": false,
                    "mainProductCode": "101353780_ST",
                    "conditionLabelFormatted": "",
                    "promotionRedeemLimit": null,
                    "promotionPercentage": null,
                    "cartLabelFormatted": "",
                    "priority": 508,
                    "code": "10009465656"
                }
            ],
            "inactivePotentialPromotions": [],
            "priceValue": 20.95,
            "price": "20,95 kr",
            "image": {
                "imageType": "PRIMARY",
                "format": "product",
                "url": "https://assets.axfood.se/image/upload/f_auto,t_200/07340083492976_C1N1_s03",
                "altText": null,
                "galleryIndex": null,
                "width": null
            },
            "ranking": 350.911090041333,
            "depositPrice": "",
            "averageWeight": null,
            "comparePrice": "167,60 kr",
            "comparePriceUnit": "kg",
            "isDrugProduct": false,
            "solrSearchScore": 0.7614262700080872,
            "energyDeclaration": null,
            "newsSplashProduct": false,
            "notAllowedB2b": false,
            "notAllowedAnonymous": false,
            "productLine2": "GARANT, 200/125g",
            "pickupProductLine2": "GARANT, 200/125g",
            "priceUnit": "kr/st",
            "priceNoUnit": "20,95",
            "savingsAmount": 13.8,
            "googleAnalyticsCategory": "fisk-och-skaldjur|sill-ansjovis-och-sardiner|sill",
            "gdprTrackingIncompliant": false,
            "nicotineMedicalProduct": false,
            "tobaccoFreeNicotineProduct": false,
            "nonEkoProduct": true,
            "precautionaryStatements": [],
            "hazards": [],
            "tobaccoProduct": false,
            "showGoodPriceIcon": false,
            "labels": [],
            "seoDescription": "",
            "seoTitle": "",
            "manufacturer": "Garant",
            "incrementValue": 1.0,
            "productBasketType": {
                "code": "ST",
                "type": "ProductBasketTypeEnum"
            },
            "bargainProduct": false,
            "addToCartMessage": "",
            "thumbnail": {
                "imageType": "PRIMARY",
                "format": "thumbnail",
                "url": "https://assets.axfood.se/image/upload/f_auto,t_100/07340083492976_C1N1_s03",
                "altText": null,
                "galleryIndex": null,
                "width": null
            },
            "outOfStock": false,
            "online": true,
            "displayVolume": "200/125g",
            "addToCartDisabled": false,
            "name": "Matjessill",
            "code": "101353780_ST"
        },
        {
            "potentialPromotions": [
                {
                    "threshold": null,
                    "applied": false,
                    "campaignType": "GENERAL",
                    "offerStatus": null,
                    "productCodes": [
                        "101501026_ST",
                        "101501027_ST",
                        "101501038_ST",
                        "101504269_ST",
                        "101544484_ST"
                    ],
                    "promotionTheme": {
                        "code": "Z083",
                        "visible": null
                    },
                    "textLabelGenerated": "",
                    "textLabelManual": "Gäller endast online",
                    "lowestHistoricalPrice": null,
                    "price": {
                        "currencyIso": "SEK",
                        "value": 14.75,
                        "priceType": "BUY",
                        "formattedValue": "14,75 kr",
                        "minQuantity": null,
                        "maxQuantity": null
                    },
                    "promotionType": "MixMatchPricePromotion",
                    "conditionLabel": "4 för",
                    "rewardLabel": "59 kr",
                    "textLabel": "Gäller endast online",
                    "redeemLimitLabel": "",
                    "cartLabel": null,
                    "validUntil": null,
                    "timesUsed": null,
                    "qualifyingCount": 4,
                    "comparePrice": "81,95 kr",
                    "splashTitleText": "Kampanj",
                    "realMixAndMatch": true,
                    "mainProductCode": "101501026_ST",
                    "conditionLabelFormatted": "",
                    "promotionRedeemLimit": null,
                    "promotionPercentage": null,
                    "cartLabelFormatted": "",
                    "priority": 508,
                    "code": "10009465655"
                }
            ],
            "inactivePotentialPromotions": [],
            "priceValue": 17.95,
            "price": "17,95 kr",
            "image": {
                "imageType": "PRIMARY",
                "format": "product",
                "url": "https://assets.axfood.se/image/upload/f_auto,t_200/07311043004249_C1N1_s02",
                "altText": null,
                "galleryIndex": null,
                "width": null
            },
            "ranking": 350.9110900380562,
            "depositPrice": "",
            "averageWeight": null,
            "comparePrice": "99,72 kr",
            "comparePriceUnit": "kg",
            "isDrugProduct": false,
            "solrSearchScore": 0.7614262700080872,
            "energyDeclaration": null,
            "newsSplashProduct": false,
            "notAllowedB2b": false,
            "notAllowedAnonymous": false,
            "productLine2": "ELDORADO, 180g",
            "pickupProductLine2": "ELDORADO, 180g",
            "priceUnit": "kr/st",
            "priceNoUnit": "17,95",
            "savingsAmount": 12.8,
            "googleAnalyticsCategory": "brod-och-kakor|kondis-och-fika|kondisbitar",
            "gdprTrackingIncompliant": false,
            "nicotineMedicalProduct": false,
            "tobaccoFreeNicotineProduct": false,
            "nonEkoProduct": false,
            "precautionaryStatements": [],
            "hazards": [],
            "tobaccoProduct": false,
            "showGoodPriceIcon": false,
            "labels": [
                "rainforest_alliance",
                "environmental_facet"
            ],
            "seoDescription": "",
            "seoTitle": "",
            "manufacturer": "Eldorado",
            "incrementValue": 1.0,
            "productBasketType": {
                "code": "ST",
                "type": "ProductBasketTypeEnum"
            },
            "bargainProduct": false,
            "addToCartMessage": "",
            "thumbnail": {
                "imageType": "PRIMARY",
                "format": "thumbnail",
                "url": "https://assets.axfood.se/image/upload/f_auto,t_100/07311043004249_C1N1_s02",
                "altText": null,
                "galleryIndex": null,
                "width": null
            },
            "outOfStock": false,
            "online": true,
            "displayVolume": "180g",
            "addToCartDisabled": false,
            "name": "Punschrulle 6-pack",
            "code": "101501026_ST"
        },
        {
            "potentialPromotions": [
                {
                    "threshold": null,
                    "applied": false,
                    "campaignType": "GENERAL",
                    "offerStatus": null,
                    "productCodes": [
                        "100153101_ST",
                        "100153110_ST",
                        "100153129_ST",
                        "100908680_ST"
                    ],
                    "promotionTheme": {
                        "code": "Z083",
                        "visible": null
                    },
                    "textLabelGenerated": "",
                    "textLabelManual": "Gäller endast online",
                    "lowestHistoricalPrice": null,
                    "price": {
                        "currencyIso": "SEK",
                        "value": 15.0,
                        "priceType": "BUY",
                        "formattedValue": "15,00 kr",
                        "minQuantity": null,
                        "maxQuantity": null
                    },
                    "promotionType": "MixMatchPricePromotion",
                    "conditionLabel": "3 för",
                    "rewardLabel": "45 kr",
                    "textLabel": "Gäller endast online",
                    "redeemLimitLabel": "",
                    "cartLabel": null,
                    "validUntil": null,
                    "timesUsed": null,
                    "qualifyingCount": 3,
                    "comparePrice": "75,00 kr",
                    "splashTitleText": "Kampanj",
                    "realMixAndMatch": true,
                    "mainProductCode": "100153101_ST",
                    "conditionLabelFormatted": "",
                    "promotionRedeemLimit": null,
                    "promotionPercentage": null,
                    "cartLabelFormatted": "",
                    "priority": 508,
                    "code": "10009465654"
                }
            ],
            "inactivePotentialPromotions": [],
            "priceValue": 16.95,
            "price": "16,95 kr",
            "image": {
                "imageType": "PRIMARY",
                "format": "product",
                "url": "https://assets.axfood.se/image/upload/f_auto,t_200/04018342195250_C1N1_s01",
                "altText": null,
                "galleryIndex": null,
                "width": null
            },
            "ranking": 350.9110900347794,
            "depositPrice": "",
            "averageWeight": null,
            "comparePrice": "84,75 kr",
            "comparePriceUnit": "kg",
            "isDrugProduct": false,
            "solrSearchScore": 0.7614262700080872,
            "energyDeclaration": null,
            "newsSplashProduct": false,
            "notAllowedB2b": false,
            "notAllowedAnonymous": false,
            "productLine2": "ALADIN, 200g",
            "pickupProductLine2": "ALADIN, 200g",
            "priceUnit": "kr/st",
            "priceNoUnit": "16,95",
            "savingsAmount": 5.85,
            "googleAnalyticsCategory": "kott-fagel-och-chark|palagg|skivat-palagg",
            "gdprTrackingIncompliant": false,
            "nicotineMedicalProduct": false,
            "tobaccoFreeNicotineProduct": false,
            "nonEkoProduct": false,
            "precautionaryStatements": [],
            "hazards": [],
            "tobaccoProduct": false,
            "showGoodPriceIcon": false,
            "labels": [],
            "seoDescription": "",
            "seoTitle": "",
            "manufacturer": "Aladin",
            "incrementValue": 1.0,
            "productBasketType": {
                "code": "ST",
                "type": "ProductBasketTypeEnum"
            },
            "bargainProduct": false,
            "addToCartMessage": "",
            "thumbnail": {
                "imageType": "PRIMARY",
                "format": "thumbnail",
                "url": "https://assets.axfood.se/image/upload/f_auto,t_100/04018342195250_C1N1_s01",
                "altText": null,
                "galleryIndex": null,
                "width": null
            },
            "outOfStock": false,
            "online": true,
            "displayVolume": "200g",
            "addToCartDisabled": false,
            "name": "Sade Dilim Kalkon Mortadella Skivad",
            "code": "100153101_ST"
        },
        {
            "potentialPromotions": [
                {
                    "threshold": null,
                    "applied": false,
                    "campaignType": "GENERAL",
                    "offerStatus": null,
                    "productCodes": [
                        "101353204_ST",
                        "101435582_ST"
                    ],
                    "promotionTheme": {
                        "code": "Z083",
                        "visible": null
                    },
                    "textLabelGenerated": "",
                    "textLabelManual": "Gäller endast online",
                    "lowestHistoricalPrice": null,
                    "price": {
                        "currencyIso": "SEK",
                        "value": 33.0,
                        "priceType": "BUY",
                        "formattedValue": "33,00 kr",
                        "minQuantity": null,
                        "maxQuantity": null
                    },
                    "promotionType": "MixMatchPricePromotion",
                    "conditionLabel": "3 för",
                    "rewardLabel": "99 kr",
                    "textLabel": "Gäller endast online",
                    "redeemLimitLabel": "",
                    "cartLabel": null,
                    "validUntil": null,
                    "timesUsed": null,
                    "qualifyingCount": 3,
                    "comparePrice": "66,00 kr",
                    "splashTitleText": "Kampanj",
                    "realMixAndMatch": true,
                    "mainProductCode": "101353204_ST",
                    "conditionLabelFormatted": "",
                    "promotionRedeemLimit": null,
                    "promotionPercentage": null,
                    "cartLabelFormatted": "",
                    "priority": 508,
                    "code": "10009465653"
                }
            ],
            "inactivePotentialPromotions": [],
            "priceValue": 41.95,
            "price": "41,95 kr",
            "image": {
                "imageType": "PRIMARY",
                "format": "product",
                "url": "https://assets.axfood.se/image/upload/f_auto,t_200/07340083497803_C1N1_s01",
                "altText": null,
                "galleryIndex": null,
                "width": null
            },
            "ranking": 350.9110900315026,
            "depositPrice": "",
            "averageWeight": null,
            "comparePrice": "83,90 kr",
            "comparePriceUnit": "l",
            "isDrugProduct": false,
            "solrSearchScore": 0.7614262700080872,
            "energyDeclaration": null,
            "newsSplashProduct": false,
            "notAllowedB2b": false,
            "notAllowedAnonymous": false,
            "productLine2": "GARANT, 500ml",
            "pickupProductLine2": "GARANT, 500ml",
            "priceUnit": "kr/st",
            "priceNoUnit": "41,95",
            "savingsAmount": 26.85,
            "googleAnalyticsCategory": "dryck|juice-och-fruktdryck|ej-kyld-juice",
            "gdprTrackingIncompliant": false,
            "nicotineMedicalProduct": false,
            "tobaccoFreeNicotineProduct": false,
            "nonEkoProduct": false,
            "precautionaryStatements": [],
            "hazards": [],
            "tobaccoProduct": false,
            "showGoodPriceIcon": false,
            "labels": [],
            "seoDescription": "",
            "seoTitle": "",
            "manufacturer": "Garant",
            "incrementValue": 1.0,
            "productBasketType": {
                "code": "ST",
                "type": "ProductBasketTypeEnum"
            },
            "bargainProduct": false,
            "addToCartMessage": "",
            "thumbnail": {
                "imageType": "PRIMARY",
                "format": "thumbnail",
                "url": "https://assets.axfood.se/image/upload/f_auto,t_100/07340083497803_C1N1_s01",
                "altText": null,
                "galleryIndex": null,
                "width": null
            },
            "outOfStock": false,
            "online": true,
            "displayVolume": "500ml",
            "addToCartDisabled": false,
            "name": "Shot Ingefära Äpple Citron",
            "code": "101353204_ST"
        },
        {
            "potentialPromotions": [
                {
                    "threshold": null,
                    "applied": false,
                    "campaignType": "GENERAL",
                    "offerStatus": null,
                    "productCodes": [
                        "100316999_ST",
                        "100317015_ST",
                        "100317024_ST"
                    ],
                    "promotionTheme": {
                        "code": "Z083",
                        "visible": null
                    },
                    "textLabelGenerated": "",
                    "textLabelManual": "Gäller endast online",
                    "lowestHistoricalPrice": null,
                    "price": {
                        "currencyIso": "SEK",
                        "value": 9.666666666666666,
                        "priceType": "BUY",
                        "formattedValue": "9,67 kr",
                        "minQuantity": null,
                        "maxQuantity": null
                    },
                    "promotionType": "MixMatchPricePromotion",
                    "conditionLabel": "3 för",
                    "rewardLabel": "29 kr",
                    "textLabel": "Gäller endast online",
                    "redeemLimitLabel": "",
                    "cartLabel": null,
                    "validUntil": null,
                    "timesUsed": null,
                    "qualifyingCount": 3,
                    "comparePrice": "0,24 kr",
                    "splashTitleText": "Kampanj",
                    "realMixAndMatch": true,
                    "mainProductCode": "100316999_ST",
                    "conditionLabelFormatted": "",
                    "promotionRedeemLimit": null,
                    "promotionPercentage": null,
                    "cartLabelFormatted": "",
                    "priority": 508,
                    "code": "10009465652"
                }
            ],
            "inactivePotentialPromotions": [],
            "priceValue": 11.95,
            "price": "11,95 kr",
            "image": {
                "imageType": "PRIMARY",
                "format": "product",
                "url": "https://assets.axfood.se/image/upload/f_auto,t_200/07311041006580_C1L1_s01",
                "altText": null,
                "galleryIndex": null,
                "width": null
            },
            "ranking": 350.9110900282258,
            "depositPrice": "",
            "averageWeight": null,
            "comparePrice": "0,30 kr",
            "comparePriceUnit": "st",
            "isDrugProduct": false,
            "solrSearchScore": 0.7614262700080872,
            "energyDeclaration": null,
            "newsSplashProduct": false,
            "notAllowedB2b": false,
            "notAllowedAnonymous": false,
            "productLine2": "ELDORADO, 40p",
            "pickupProductLine2": "ELDORADO, 40p",
            "priceUnit": "kr/st",
            "priceNoUnit": "11,95",
            "savingsAmount": 6.850000000000002,
            "googleAnalyticsCategory": "hem-och-hushall|hem-och-inredning|matforvaring",
            "gdprTrackingIncompliant": false,
            "nicotineMedicalProduct": false,
            "tobaccoFreeNicotineProduct": false,
            "nonEkoProduct": false,
            "precautionaryStatements": [],
            "hazards": [],
            "tobaccoProduct": false,
            "showGoodPriceIcon": false,
            "labels": [],
            "seoDescription": "",
            "seoTitle": "",
            "manufacturer": "Eldorado",
            "incrementValue": 1.0,
            "productBasketType": {
                "code": "ST",
                "type": "ProductBasketTypeEnum"
            },
            "bargainProduct": false,
            "addToCartMessage": "",
            "thumbnail": {
                "imageType": "PRIMARY",
                "format": "thumbnail",
                "url": "https://assets.axfood.se/image/upload/f_auto,t_100/07311041006580_C1L1_s01",
                "altText": null,
                "galleryIndex": null,
                "width": null
            },
            "outOfStock": false,
            "online": true,
            "displayVolume": "40p",
            "addToCartDisabled": false,
            "name": "Fryspåse 2l",
            "code": "100316999_ST"
        },
        {
            "potentialPromotions": [
                {
                    "threshold": null,
                    "applied": false,
                    "campaignType": "GENERAL",
                    "offerStatus": null,
                    "productCodes": [
                        "101482470_ST",
                        "101618363_ST",
                        "101618364_ST",
                        "101618365_ST"
                    ],
                    "promotionTheme": {
                        "code": "Z083",
                        "visible": null
                    },
                    "textLabelGenerated": "",
                    "textLabelManual": "Gäller endast online",
                    "lowestHistoricalPrice": null,
                    "price": {
                        "currencyIso": "SEK",
                        "value": 23.0,
                        "priceType": "BUY",
                        "formattedValue": "23,00 kr",
                        "minQuantity": null,
                        "maxQuantity": null
                    },
                    "promotionType": "MixMatchPricePromotion",
                    "conditionLabel": "3 för",
                    "rewardLabel": "69 kr",
                    "textLabel": "Gäller endast online",
                    "redeemLimitLabel": "",
                    "cartLabel": null,
                    "validUntil": null,
                    "timesUsed": null,
                    "qualifyingCount": 3,
                    "comparePrice": "164,29 kr",
                    "splashTitleText": "Kampanj",
                    "realMixAndMatch": true,
                    "mainProductCode": "101482470_ST",
                    "conditionLabelFormatted": "",
                    "promotionRedeemLimit": null,
                    "promotionPercentage": null,
                    "cartLabelFormatted": "",
                    "priority": 508,
                    "code": "10009465651"
                }
            ],
            "inactivePotentialPromotions": [],
            "priceValue": 25.95,
            "price": "25,95 kr",
            "image": {
                "imageType": "PRIMARY",
                "format": "product",
                "url": "https://assets.axfood.se/image/upload/f_auto,t_200/07311043002627_C1C1_s01",
                "altText": null,
                "galleryIndex": null,
                "width": null
            },
            "ranking": 350.911090024949,
            "depositPrice": "",
            "averageWeight": null,
            "comparePrice": "185,36 kr",
            "comparePriceUnit": "kg",
            "isDrugProduct": false,
            "solrSearchScore": 0.7614262700080872,
            "energyDeclaration": null,
            "newsSplashProduct": false,
            "notAllowedB2b": false,
            "notAllowedAnonymous": false,
            "productLine2": "PRIME PATROL, 140g",
            "pickupProductLine2": "PRIME PATROL, 140g",
            "priceUnit": "kr/st",
            "priceNoUnit": "25,95",
            "savingsAmount": 8.85,
            "googleAnalyticsCategory": "kott-fagel-och-chark|chark|delikatesschark|inlaggningar",
            "gdprTrackingIncompliant": false,
            "nicotineMedicalProduct": false,
            "tobaccoFreeNicotineProduct": false,
            "nonEkoProduct": false,
            "precautionaryStatements": [],
            "hazards": [],
            "tobaccoProduct": false,
            "showGoodPriceIcon": false,
            "labels": [],
            "seoDescription": "",
            "seoTitle": "",
            "manufacturer": "Prime Patrol",
            "incrementValue": 1.0,
            "productBasketType": {
                "code": "ST",
                "type": "ProductBasketTypeEnum"
            },
            "bargainProduct": false,
            "addToCartMessage": "",
            "thumbnail": {
                "imageType": "PRIMARY",
                "format": "thumbnail",
                "url": "https://assets.axfood.se/image/upload/f_auto,t_100/07311043002627_C1C1_s01",
                "altText": null,
                "galleryIndex": null,
                "width": null
            },
            "outOfStock": false,
            "online": true,
            "displayVolume": "140g",
            "addToCartDisabled": false,
            "name": "Oliver med Chili",
            "code": "101482470_ST"
        },
        {
            "potentialPromotions": [
                {
                    "threshold": null,
                    "applied": false,
                    "campaignType": "GENERAL",
                    "offerStatus": null,
                    "productCodes": [
                        "101437185_ST",
                        "101437186_ST",
                        "101608029_ST",
                        "101608030_ST",
                        "101608031_ST",
                        "101608032_ST",
                        "101608033_ST",
                        "101608034_ST",
                        "101608035_ST",
                        "101608036_ST",
                        "101608037_ST"
                    ],
                    "promotionTheme": {
                        "code": "Z083",
                        "visible": null
                    },
                    "textLabelGenerated": "",
                    "textLabelManual": "Gäller endast online",
                    "lowestHistoricalPrice": null,
                    "price": {
                        "currencyIso": "SEK",
                        "value": 13.0,
                        "priceType": "BUY",
                        "formattedValue": "13,00 kr",
                        "minQuantity": null,
                        "maxQuantity": null
                    },
                    "promotionType": "MixMatchPricePromotion",
                    "conditionLabel": "3 för",
                    "rewardLabel": "39 kr",
                    "textLabel": "Gäller endast online",
                    "redeemLimitLabel": "",
                    "cartLabel": null,
                    "validUntil": null,
                    "timesUsed": null,
                    "qualifyingCount": 3,
                    "comparePrice": "8,67 kr",
                    "splashTitleText": "Kampanj",
                    "realMixAndMatch": true,
                    "mainProductCode": "101437185_ST",
                    "conditionLabelFormatted": "",
                    "promotionRedeemLimit": null,
                    "promotionPercentage": null,
                    "cartLabelFormatted": "",
                    "priority": 508,
                    "code": "10009465650"
                }
            ],
            "inactivePotentialPromotions": [],
            "priceValue": 16.95,
            "price": "16,95 kr",
            "image": {
                "imageType": "PRIMARY",
                "format": "product",
                "url": "https://assets.axfood.se/image/upload/f_auto,t_200/07611612526203_C1N1_s01",
                "altText": null,
                "galleryIndex": null,
                "width": null
            },
            "ranking": 350.9110900216722,
            "depositPrice": "2,00 kr",
            "averageWeight": null,
            "comparePrice": "11,30 kr",
            "comparePriceUnit": "l",
            "isDrugProduct": false,
            "solrSearchScore": 0.7614262700080872,
            "energyDeclaration": null,
            "newsSplashProduct": false,
            "notAllowedB2b": false,
            "notAllowedAnonymous": false,
            "productLine2": "PREMIER, 1,5l",
            "pickupProductLine2": "PREMIER, 1,5l",
            "priceUnit": "kr/st",
            "priceNoUnit": "16,95",
            "savingsAmount": 11.85,
            "googleAnalyticsCategory": "dryck|drinkmix|drinkmixer",
            "gdprTrackingIncompliant": false,
            "nicotineMedicalProduct": false,
            "tobaccoFreeNicotineProduct": false,
            "nonEkoProduct": false,
            "precautionaryStatements": [],
            "hazards": [],
            "tobaccoProduct": false,
            "showGoodPriceIcon": false,
            "labels": [],
            "seoDescription": "",
            "seoTitle": "",
            "manufacturer": "Premier",
            "incrementValue": 1.0,
            "productBasketType": {
                "code": "ST",
                "type": "ProductBasketTypeEnum"
            },
            "bargainProduct": false,
            "addToCartMessage": "",
            "thumbnail": {
                "imageType": "PRIMARY",
                "format": "thumbnail",
                "url": "https://assets.axfood.se/image/upload/f_auto,t_100/07611612526203_C1N1_s01",
                "altText": null,
                "galleryIndex": null,
                "width": null
            },
            "outOfStock": false,
            "online": true,
            "displayVolume": "1,5l",
            "addToCartDisabled": false,
            "name": "Tonic Zero Drinkmixer, Pet",
            "code": "101437185_ST"
        },
        {
            "potentialPromotions": [
                {
                    "threshold": null,
                    "applied": false,
                    "campaignType": "GENERAL",
                    "offerStatus": null,
                    "productCodes": [
                        "101285667_ST",
                        "101353120_ST",
                        "101356855_ST"
                    ],
                    "promotionTheme": {
                        "code": "Z083",
                        "visible": null
                    },
                    "textLabelGenerated": "",
                    "textLabelManual": "Gäller endast online",
                    "lowestHistoricalPrice": null,
                    "price": {
                        "currencyIso": "SEK",
                        "value": 15.0,
                        "priceType": "BUY",
                        "formattedValue": "15,00 kr",
                        "minQuantity": null,
                        "maxQuantity": null
                    },
                    "promotionType": "MixMatchPricePromotion",
                    "conditionLabel": "3 för",
                    "rewardLabel": "45 kr",
                    "textLabel": "Gäller endast online",
                    "redeemLimitLabel": "",
                    "cartLabel": null,
                    "validUntil": null,
                    "timesUsed": null,
                    "qualifyingCount": 3,
                    "comparePrice": "15,00 kr",
                    "splashTitleText": "Kampanj",
                    "realMixAndMatch": true,
                    "mainProductCode": "101285667_ST",
                    "conditionLabelFormatted": "",
                    "promotionRedeemLimit": null,
                    "promotionPercentage": null,
                    "cartLabelFormatted": "",
                    "priority": 508,
                    "code": "10009465649"
                }
            ],
            "inactivePotentialPromotions": [],
            "priceValue": 15.95,
            "price": "15,95 kr",
            "image": {
                "imageType": "PRIMARY",
                "format": "product",
                "url": "https://assets.axfood.se/image/upload/f_auto,t_200/07340083471070_C1L1_s01",
                "altText": null,
                "galleryIndex": null,
                "width": null
            },
            "ranking": 350.9110900183954,
            "depositPrice": "",
            "averageWeight": null,
            "comparePrice": "15,95 kr",
            "comparePriceUnit": "l",
            "isDrugProduct": false,
            "solrSearchScore": 0.7614262700080872,
            "energyDeclaration": null,
            "newsSplashProduct": false,
            "notAllowedB2b": false,
            "notAllowedAnonymous": false,
            "productLine2": "ELDORADO, 1l",
            "pickupProductLine2": "ELDORADO, 1l",
            "priceUnit": "kr/st",
            "priceNoUnit": "15,95",
            "savingsAmount": 2.85,
            "googleAnalyticsCategory": "mejeri-ost-och-agg|vaxtbaserat|vaxtbaserad-dryck",
            "gdprTrackingIncompliant": false,
            "nicotineMedicalProduct": false,
            "tobaccoFreeNicotineProduct": false,
            "nonEkoProduct": false,
            "precautionaryStatements": [],
            "hazards": [],
            "tobaccoProduct": false,
            "showGoodPriceIcon": false,
            "labels": [
                "keyhole"
            ],
            "seoDescription": "",
            "seoTitle": "",
            "manufacturer": "Eldorado",
            "incrementValue": 1.0,
            "productBasketType": {
                "code": "ST",
                "type": "ProductBasketTypeEnum"
            },
            "bargainProduct": false,
            "addToCartMessage": "",
            "thumbnail": {
                "imageType": "PRIMARY",
                "format": "thumbnail",
                "url": "https://assets.axfood.se/image/upload/f_auto,t_100/07340083471070_C1L1_s01",
                "altText": null,
                "galleryIndex": null,
                "width": null
            },
            "outOfStock": false,
            "online": true,
            "displayVolume": "1l",
            "addToCartDisabled": false,
            "name": "Havredryck Kalcium Vitaminer",
            "code": "101285667_ST"
        },
        {
            "potentialPromotions": [
                {
                    "threshold": null,
                    "applied": false,
                    "campaignType": "GENERAL",
                    "offerStatus": null,
                    "productCodes": [
                        "101232173_ST",
                        "101646314_ST"
                    ],
                    "promotionTheme": {
                        "code": "Z083",
                        "visible": null
                    },
                    "textLabelGenerated": "",
                    "textLabelManual": "Gäller endast online",
                    "lowestHistoricalPrice": null,
                    "price": {
                        "currencyIso": "SEK",
                        "value": 35.0,
                        "priceType": "BUY",
                        "formattedValue": "35,00 kr",
                        "minQuantity": null,
                        "maxQuantity": null
                    },
                    "promotionType": "MixMatchPricePromotion",
                    "conditionLabel": "2 för",
                    "rewardLabel": "70 kr",
                    "textLabel": "Gäller endast online",
                    "redeemLimitLabel": "",
                    "cartLabel": null,
                    "validUntil": null,
                    "timesUsed": null,
                    "qualifyingCount": 2,
                    "comparePrice": "77,78 kr",
                    "splashTitleText": "Kampanj",
                    "realMixAndMatch": true,
                    "mainProductCode": "101232173_ST",
                    "conditionLabelFormatted": "",
                    "promotionRedeemLimit": null,
                    "promotionPercentage": null,
                    "cartLabelFormatted": "",
                    "priority": 508,
                    "code": "10009465648"
                }
            ],
            "inactivePotentialPromotions": [],
            "priceValue": 39.95,
            "price": "39,95 kr",
            "image": {
                "imageType": "PRIMARY",
                "format": "product",
                "url": "https://assets.axfood.se/image/upload/f_auto,t_200/07340083443183_C1N1_s02",
                "altText": null,
                "galleryIndex": null,
                "width": null
            },
            "ranking": 350.9110900151186,
            "depositPrice": "",
            "averageWeight": null,
            "comparePrice": "88,78 kr",
            "comparePriceUnit": "kg",
            "isDrugProduct": false,
            "solrSearchScore": 0.7614262700080872,
            "energyDeclaration": null,
            "newsSplashProduct": false,
            "notAllowedB2b": false,
            "notAllowedAnonymous": false,
            "productLine2": "ELDORADO, 450g",
            "pickupProductLine2": "ELDORADO, 450g",
            "priceUnit": "kr/st",
            "priceNoUnit": "39,95",
            "savingsAmount": 9.9,
            "googleAnalyticsCategory": "frukt-och-gront|bar|frysta-bar",
            "gdprTrackingIncompliant": false,
            "nicotineMedicalProduct": false,
            "tobaccoFreeNicotineProduct": false,
            "nonEkoProduct": false,
            "precautionaryStatements": [],
            "hazards": [],
            "tobaccoProduct": false,
            "showGoodPriceIcon": false,
            "labels": [
                "keyhole"
            ],
            "seoDescription": "",
            "seoTitle": "",
            "manufacturer": "Eldorado",
            "incrementValue": 1.0,
            "productBasketType": {
                "code": "ST",
                "type": "ProductBasketTypeEnum"
            },
            "bargainProduct": false,
            "addToCartMessage": "",
            "thumbnail": {
                "imageType": "PRIMARY",
                "format": "thumbnail",
                "url": "https://assets.axfood.se/image/upload/f_auto,t_100/07340083443183_C1N1_s02",
                "altText": null,
                "galleryIndex": null,
                "width": null
            },
            "outOfStock": false,
            "online": true,
            "displayVolume": "450g",
            "addToCartDisabled": false,
            "name": "Blåbär Frysta",
            "code": "101232173_ST"
        },
        {
            "potentialPromotions": [
                {
                    "threshold": null,
                    "applied": false,
                    "campaignType": "GENERAL",
                    "offerStatus": null,
                    "productCodes": [
                        "101187570_ST",
                        "101187580_ST",
                        "101187585_ST"
                    ],
                    "promotionTheme": {
                        "code": "Z083",
                        "visible": null
                    },
                    "textLabelGenerated": "",
                    "textLabelManual": "Gäller endast online",
                    "lowestHistoricalPrice": null,
                    "price": {
                        "currencyIso": "SEK",
                        "value": 30.0,
                        "priceType": "BUY",
                        "formattedValue": "30,00 kr",
                        "minQuantity": null,
                        "maxQuantity": null
                    },
                    "promotionType": "MixMatchPricePromotion",
                    "conditionLabel": "3 för",
                    "rewardLabel": "90 kr",
                    "textLabel": "Gäller endast online",
                    "redeemLimitLabel": "",
                    "cartLabel": null,
                    "validUntil": null,
                    "timesUsed": null,
                    "qualifyingCount": 3,
                    "comparePrice": "85,71 kr",
                    "splashTitleText": "Kampanj",
                    "realMixAndMatch": true,
                    "mainProductCode": "101187570_ST",
                    "conditionLabelFormatted": "",
                    "promotionRedeemLimit": null,
                    "promotionPercentage": null,
                    "cartLabelFormatted": "",
                    "priority": 508,
                    "code": "10009465647"
                }
            ],
            "inactivePotentialPromotions": [],
            "priceValue": 35.95,
            "price": "35,95 kr",
            "image": {
                "imageType": "PRIMARY",
                "format": "product",
                "url": "https://assets.axfood.se/image/upload/f_auto,t_200/07311041068908_C1L1_s04",
                "altText": null,
                "galleryIndex": null,
                "width": null
            },
            "ranking": 350.9110900118418,
            "depositPrice": "",
            "averageWeight": null,
            "comparePrice": "102,71 kr",
            "comparePriceUnit": "kg",
            "isDrugProduct": false,
            "solrSearchScore": 0.7614262700080872,
            "energyDeclaration": null,
            "newsSplashProduct": false,
            "notAllowedB2b": false,
            "notAllowedAnonymous": false,
            "productLine2": "GARANT, 350g",
            "pickupProductLine2": "GARANT, 350g",
            "priceUnit": "kr/st",
            "priceNoUnit": "35,95",
            "savingsAmount": 17.85,
            "googleAnalyticsCategory": "fryst|portionsratter|enportioner",
            "gdprTrackingIncompliant": false,
            "nicotineMedicalProduct": false,
            "tobaccoFreeNicotineProduct": false,
            "nonEkoProduct": false,
            "precautionaryStatements": [],
            "hazards": [],
            "tobaccoProduct": false,
            "showGoodPriceIcon": false,
            "labels": [
                "msc_fish",
                "environmental_facet"
            ],
            "seoDescription": "",
            "seoTitle": "",
            "manufacturer": "Garant",
            "incrementValue": 1.0,
            "productBasketType": {
                "code": "ST",
                "type": "ProductBasketTypeEnum"
            },
            "bargainProduct": false,
            "addToCartMessage": "",
            "thumbnail": {
                "imageType": "PRIMARY",
                "format": "thumbnail",
                "url": "https://assets.axfood.se/image/upload/f_auto,t_100/07311041068908_C1L1_s04",
                "altText": null,
                "galleryIndex": null,
                "width": null
            },
            "outOfStock": false,
            "online": true,
            "displayVolume": "350g",
            "addToCartDisabled": false,
            "name": "Skaldjurssås Fiskgratäng Fryst/1 Port",
            "code": "101187570_ST"
        },
        {
            "potentialPromotions": [
                {
                    "threshold": null,
                    "applied": false,
                    "campaignType": "GENERAL",
                    "offerStatus": null,
                    "productCodes": [
                        "101261821_ST"
                    ],
                    "promotionTheme": {
                        "code": "Z083",
                        "visible": null
                    },
                    "textLabelGenerated": "",
                    "textLabelManual": "Gäller endast online",
                    "lowestHistoricalPrice": null,
                    "price": {
                        "currencyIso": "SEK",
                        "value": 90.0,
                        "priceType": "BUY",
                        "formattedValue": "90,00 kr",
                        "minQuantity": null,
                        "maxQuantity": null
                    },
                    "promotionType": "MixMatchPricePromotion",
                    "conditionLabel": "2 för",
                    "rewardLabel": "180 kr",
                    "textLabel": "Gäller endast online",
                    "redeemLimitLabel": "",
                    "cartLabel": null,
                    "validUntil": null,
                    "timesUsed": null,
                    "qualifyingCount": 2,
                    "comparePrice": "0,90 kr",
                    "splashTitleText": "Kampanj",
                    "realMixAndMatch": false,
                    "mainProductCode": "101261821_ST",
                    "conditionLabelFormatted": "",
                    "promotionRedeemLimit": null,
                    "promotionPercentage": null,
                    "cartLabelFormatted": "",
                    "priority": 508,
                    "code": "10009465644"
                }
            ],
            "inactivePotentialPromotions": [],
            "priceValue": 105.0,
            "price": "105,00 kr",
            "image": {
                "imageType": "PRIMARY",
                "format": "product",
                "url": "https://assets.axfood.se/image/upload/f_auto,t_200/07340083460050_C1L1_s01",
                "altText": null,
                "galleryIndex": null,
                "width": null
            },
            "ranking": 350.9110900020114,
            "depositPrice": "",
            "averageWeight": null,
            "comparePrice": "1,05 kr",
            "comparePriceUnit": "st",
            "isDrugProduct": false,
            "solrSearchScore": 0.7614262700080872,
            "energyDeclaration": null,
            "newsSplashProduct": false,
            "notAllowedB2b": false,
            "notAllowedAnonymous": false,
            "productLine2": "ELDORADO, 100p",
            "pickupProductLine2": "ELDORADO, 100p",
            "priceUnit": "kr/st",
            "priceNoUnit": "105,00",
            "savingsAmount": 30.0,
            "googleAnalyticsCategory": "hem-och-hushall|hem-och-inredning|ljus",
            "gdprTrackingIncompliant": false,
            "nicotineMedicalProduct": false,
            "tobaccoFreeNicotineProduct": false,
            "nonEkoProduct": false,
            "precautionaryStatements": [],
            "hazards": [],
            "tobaccoProduct": false,
            "showGoodPriceIcon": false,
            "labels": [],
            "seoDescription": "",
            "seoTitle": "",
            "manufacturer": "Eldorado",
            "incrementValue": 1.0,
            "productBasketType": {
                "code": "ST",
                "type": "ProductBasketTypeEnum"
            },
            "bargainProduct": false,
            "addToCartMessage": "",
            "thumbnail": {
                "imageType": "PRIMARY",
                "format": "thumbnail",
                "url": "https://assets.axfood.se/image/upload/f_auto,t_100/07340083460050_C1L1_s01",
                "altText": null,
                "galleryIndex": null,
                "width": null
            },
            "outOfStock": false,
            "online": true,
            "displayVolume": "100p",
            "addToCartDisabled": false,
            "name": "Värmeljus 4h Stearin",
            "code": "101261821_ST"
        },
        {
            "potentialPromotions": [
                {
                    "threshold": null,
                    "applied": false,
                    "campaignType": "GENERAL",
                    "offerStatus": null,
                    "productCodes": [
                        "101272302_ST"
                    ],
                    "promotionTheme": {
                        "code": "Z083",
                        "visible": null
                    },
                    "textLabelGenerated": "",
                    "textLabelManual": "Gäller endast online",
                    "lowestHistoricalPrice": null,
                    "price": {
                        "currencyIso": "SEK",
                        "value": 82.5,
                        "priceType": "BUY",
                        "formattedValue": "82,50 kr",
                        "minQuantity": null,
                        "maxQuantity": null
                    },
                    "promotionType": "MixMatchPricePromotion",
                    "conditionLabel": "2 för",
                    "rewardLabel": "165 kr",
                    "textLabel": "Gäller endast online",
                    "redeemLimitLabel": "",
                    "cartLabel": null,
                    "validUntil": null,
                    "timesUsed": null,
                    "qualifyingCount": 2,
                    "comparePrice": "114,58 kr",
                    "splashTitleText": "Kampanj",
                    "realMixAndMatch": false,
                    "mainProductCode": "101272302_ST",
                    "conditionLabelFormatted": "",
                    "promotionRedeemLimit": null,
                    "promotionPercentage": null,
                    "cartLabelFormatted": "",
                    "priority": 508,
                    "code": "10009465643"
                }
            ],
            "inactivePotentialPromotions": [],
            "priceValue": 87.95,
            "price": "87,95 kr",
            "image": {
                "imageType": "PRIMARY",
                "format": "product",
                "url": "https://assets.axfood.se/image/upload/f_auto,t_200/07340083460852_C1N1_s02",
                "altText": null,
                "galleryIndex": null,
                "width": null
            },
            "ranking": 350.9110899987346,
            "depositPrice": "",
            "averageWeight": null,
            "comparePrice": "122,15 kr",
            "comparePriceUnit": "kg",
            "isDrugProduct": false,
            "solrSearchScore": 0.7614262700080872,
            "energyDeclaration": null,
            "newsSplashProduct": false,
            "notAllowedB2b": false,
            "notAllowedAnonymous": false,
            "productLine2": "PRIME PATROL, 720g",
            "pickupProductLine2": "PRIME PATROL, 720g",
            "priceUnit": "kr/st",
            "priceNoUnit": "87,95",
            "savingsAmount": 10.9,
            "googleAnalyticsCategory": "fryst|hamburgare-och-korv|hamburgare",
            "gdprTrackingIncompliant": false,
            "nicotineMedicalProduct": false,
            "tobaccoFreeNicotineProduct": false,
            "nonEkoProduct": false,
            "precautionaryStatements": [],
            "hazards": [],
            "tobaccoProduct": false,
            "showGoodPriceIcon": false,
            "labels": [],
            "seoDescription": "",
            "seoTitle": "",
            "manufacturer": "Prime Patrol",
            "incrementValue": 1.0,
            "productBasketType": {
                "code": "ST",
                "type": "ProductBasketTypeEnum"
            },
            "bargainProduct": false,
            "addToCartMessage": "",
            "thumbnail": {
                "imageType": "PRIMARY",
                "format": "thumbnail",
                "url": "https://assets.axfood.se/image/upload/f_auto,t_100/07340083460852_C1N1_s02",
                "altText": null,
                "galleryIndex": null,
                "width": null
            },
            "outOfStock": false,
            "online": true,
            "displayVolume": "720g",
            "addToCartDisabled": false,
            "name": "Hamburgare 8x90g Frysta/ 8x90g",
            "code": "101272302_ST"
        },
        {
            "potentialPromotions": [
                {
                    "threshold": null,
                    "applied": false,
                    "campaignType": "GENERAL",
                    "offerStatus": null,
                    "productCodes": [
                        "101301928_ST"
                    ],
                    "promotionTheme": {
                        "code": "Z083",
                        "visible": null
                    },
                    "textLabelGenerated": "",
                    "textLabelManual": "Gäller endast online",
                    "lowestHistoricalPrice": null,
                    "price": {
                        "currencyIso": "SEK",
                        "value": 64.5,
                        "priceType": "BUY",
                        "formattedValue": "64,50 kr",
                        "minQuantity": null,
                        "maxQuantity": null
                    },
                    "promotionType": "MixMatchPricePromotion",
                    "conditionLabel": "2 för",
                    "rewardLabel": "129 kr",
                    "textLabel": "Gäller endast online",
                    "redeemLimitLabel": "",
                    "cartLabel": null,
                    "validUntil": null,
                    "timesUsed": null,
                    "qualifyingCount": 2,
                    "comparePrice": "92,14 kr",
                    "splashTitleText": "Kampanj",
                    "realMixAndMatch": false,
                    "mainProductCode": "101301928_ST",
                    "conditionLabelFormatted": "",
                    "promotionRedeemLimit": null,
                    "promotionPercentage": null,
                    "cartLabelFormatted": "",
                    "priority": 508,
                    "code": "10009465642"
                }
            ],
            "inactivePotentialPromotions": [],
            "priceValue": 69.95,
            "price": "69,95 kr",
            "image": {
                "imageType": "PRIMARY",
                "format": "product",
                "url": "https://assets.axfood.se/image/upload/f_auto,t_200/07340083478253_C1N1_s01",
                "altText": null,
                "galleryIndex": null,
                "width": null
            },
            "ranking": 350.9110899954578,
            "depositPrice": "",
            "averageWeight": null,
            "comparePrice": "99,93 kr",
            "comparePriceUnit": "kg",
            "isDrugProduct": false,
            "solrSearchScore": 0.7614262700080872,
            "energyDeclaration": null,
            "newsSplashProduct": false,
            "notAllowedB2b": false,
            "notAllowedAnonymous": false,
            "productLine2": "ELDORADO, 700g",
            "pickupProductLine2": "ELDORADO, 700g",
            "priceUnit": "kr/st",
            "priceNoUnit": "69,95",
            "savingsAmount": 10.9,
            "googleAnalyticsCategory": "fryst|kott-och-kyckling|kyckling-och-ovrig-fagel",
            "gdprTrackingIncompliant": false,
            "nicotineMedicalProduct": false,
            "tobaccoFreeNicotineProduct": false,
            "nonEkoProduct": false,
            "precautionaryStatements": [],
            "hazards": [],
            "tobaccoProduct": false,
            "showGoodPriceIcon": false,
            "labels": [
                "keyhole"
            ],
            "seoDescription": "",
            "seoTitle": "",
            "manufacturer": "Eldorado",
            "incrementValue": 1.0,
            "productBasketType": {
                "code": "ST",
                "type": "ProductBasketTypeEnum"
            },
            "bargainProduct": false,
            "addToCartMessage": "",
            "thumbnail": {
                "imageType": "PRIMARY",
                "format": "thumbnail",
                "url": "https://assets.axfood.se/image/upload/f_auto,t_100/07340083478253_C1N1_s01",
                "altText": null,
                "galleryIndex": null,
                "width": null
            },
            "outOfStock": false,
            "online": true,
            "displayVolume": "700g",
            "addToCartDisabled": false,
            "name": "Kycklingkebab Fryst",
            "code": "101301928_ST"
        },
        {
            "potentialPromotions": [
                {
                    "threshold": null,
                    "applied": false,
                    "campaignType": "GENERAL",
                    "offerStatus": null,
                    "productCodes": [
                        "101224548_ST",
                        "101224557_ST"
                    ],
                    "promotionTheme": {
                        "code": "Z083",
                        "visible": null
                    },
                    "textLabelGenerated": "",
                    "textLabelManual": "Gäller endast online",
                    "lowestHistoricalPrice": null,
                    "price": {
                        "currencyIso": "SEK",
                        "value": 44.5,
                        "priceType": "BUY",
                        "formattedValue": "44,50 kr",
                        "minQuantity": null,
                        "maxQuantity": null
                    },
                    "promotionType": "MixMatchPricePromotion",
                    "conditionLabel": "2 för",
                    "rewardLabel": "89 kr",
                    "textLabel": "Gäller endast online",
                    "redeemLimitLabel": "",
                    "cartLabel": null,
                    "validUntil": null,
                    "timesUsed": null,
                    "qualifyingCount": 2,
                    "comparePrice": "111,25 kr",
                    "splashTitleText": "Kampanj",
                    "realMixAndMatch": true,
                    "mainProductCode": "101224548_ST",
                    "conditionLabelFormatted": "",
                    "promotionRedeemLimit": null,
                    "promotionPercentage": null,
                    "cartLabelFormatted": "",
                    "priority": 508,
                    "code": "10009465641"
                }
            ],
            "inactivePotentialPromotions": [],
            "priceValue": 49.95,
            "price": "49,95 kr",
            "image": {
                "imageType": "PRIMARY",
                "format": "product",
                "url": "https://assets.axfood.se/image/upload/f_auto,t_200/07340083435645_C1C1_s03",
                "altText": null,
                "galleryIndex": null,
                "width": null
            },
            "ranking": 350.911089992181,
            "depositPrice": "",
            "averageWeight": null,
            "comparePrice": "124,88 kr",
            "comparePriceUnit": "kg",
            "isDrugProduct": false,
            "solrSearchScore": 0.7614262700080872,
            "energyDeclaration": null,
            "newsSplashProduct": false,
            "notAllowedB2b": false,
            "notAllowedAnonymous": false,
            "productLine2": "ELDORADO, 400g",
            "pickupProductLine2": "ELDORADO, 400g",
            "priceUnit": "kr/st",
            "priceNoUnit": "49,95",
            "savingsAmount": 10.9,
            "googleAnalyticsCategory": "mejeri-ost-och-agg|ost|palaggsost|skivad-ost",
            "gdprTrackingIncompliant": false,
            "nicotineMedicalProduct": false,
            "tobaccoFreeNicotineProduct": false,
            "nonEkoProduct": false,
            "precautionaryStatements": [],
            "hazards": [],
            "tobaccoProduct": false,
            "showGoodPriceIcon": false,
            "labels": [],
            "seoDescription": "",
            "seoTitle": "",
            "manufacturer": "Eldorado",
            "incrementValue": 1.0,
            "productBasketType": {
                "code": "ST",
                "type": "ProductBasketTypeEnum"
            },
            "bargainProduct": false,
            "addToCartMessage": "",
            "thumbnail": {
                "imageType": "PRIMARY",
                "format": "thumbnail",
                "url": "https://assets.axfood.se/image/upload/f_auto,t_100/07340083435645_C1C1_s03",
                "altText": null,
                "galleryIndex": null,
                "width": null
            },
            "outOfStock": false,
            "online": true,
            "displayVolume": "400g",
            "addToCartDisabled": false,
            "name": "Gouda Skivad 30%",
            "code": "101224548_ST"
        },
        {
            "potentialPromotions": [
                {
                    "threshold": null,
                    "applied": false,
                    "campaignType": "GENERAL",
                    "offerStatus": null,
                    "productCodes": [
                        "101318455_ST"
                    ],
                    "promotionTheme": {
                        "code": "Z083",
                        "visible": null
                    },
                    "textLabelGenerated": "",
                    "textLabelManual": "Gäller endast online",
                    "lowestHistoricalPrice": null,
                    "price": {
                        "currencyIso": "SEK",
                        "value": 42.5,
                        "priceType": "BUY",
                        "formattedValue": "42,50 kr",
                        "minQuantity": null,
                        "maxQuantity": null
                    },
                    "promotionType": "MixMatchPricePromotion",
                    "conditionLabel": "2 för",
                    "rewardLabel": "85 kr",
                    "textLabel": "Gäller endast online",
                    "redeemLimitLabel": "",
                    "cartLabel": null,
                    "validUntil": null,
                    "timesUsed": null,
                    "qualifyingCount": 2,
                    "comparePrice": "42,50 kr",
                    "splashTitleText": "Kampanj",
                    "realMixAndMatch": false,
                    "mainProductCode": "101318455_ST",
                    "conditionLabelFormatted": "",
                    "promotionRedeemLimit": null,
                    "promotionPercentage": null,
                    "cartLabelFormatted": "",
                    "priority": 508,
                    "code": "10009465640"
                }
            ],
            "inactivePotentialPromotions": [],
            "priceValue": 45.95,
            "price": "45,95 kr",
            "image": {
                "imageType": "PRIMARY",
                "format": "product",
                "url": "https://assets.axfood.se/image/upload/f_auto,t_200/07340083482144_C1N1_s02",
                "altText": null,
                "galleryIndex": null,
                "width": null
            },
            "ranking": 350.9110899889042,
            "depositPrice": "",
            "averageWeight": null,
            "comparePrice": "45,95 kr",
            "comparePriceUnit": "st",
            "isDrugProduct": false,
            "solrSearchScore": 0.7614262700080872,
            "energyDeclaration": null,
            "newsSplashProduct": false,
            "notAllowedB2b": false,
            "notAllowedAnonymous": false,
            "productLine2": "ELDORADO, 1l",
            "pickupProductLine2": "ELDORADO, 1l",
            "priceUnit": "kr/st",
            "priceNoUnit": "45,95",
            "savingsAmount": 6.9,
            "googleAnalyticsCategory": "hem-och-hushall|grilltillbehor",
            "gdprTrackingIncompliant": false,
            "nicotineMedicalProduct": false,
            "tobaccoFreeNicotineProduct": false,
            "nonEkoProduct": false,
            "precautionaryStatements": [],
            "hazards": [],
            "tobaccoProduct": false,
            "showGoodPriceIcon": false,
            "labels": [
                "danger",
                "corrosion"
            ],
            "seoDescription": "",
            "seoTitle": "",
            "manufacturer": "Eldorado",
            "incrementValue": 1.0,
            "productBasketType": {
                "code": "ST",
                "type": "ProductBasketTypeEnum"
            },
            "bargainProduct": false,
            "addToCartMessage": "",
            "thumbnail": {
                "imageType": "PRIMARY",
                "format": "thumbnail",
                "url": "https://assets.axfood.se/image/upload/f_auto,t_100/07340083482144_C1N1_s02",
                "altText": null,
                "galleryIndex": null,
                "width": null
            },
            "outOfStock": false,
            "online": true,
            "displayVolume": "1l",
            "addToCartDisabled": false,
            "name": "Tändvätska",
            "code": "101318455_ST"
        },
        {
            "potentialPromotions": [
                {
                    "threshold": null,
                    "applied": false,
                    "campaignType": "GENERAL",
                    "offerStatus": null,
                    "productCodes": [
                        "101245453_ST",
                        "101245454_ST",
                        "101358243_ST",
                        "101433056_ST"
                    ],
                    "promotionTheme": {
                        "code": "Z083",
                        "visible": null
                    },
                    "textLabelGenerated": "",
                    "textLabelManual": "Gäller endast online",
                    "lowestHistoricalPrice": null,
                    "price": {
                        "currencyIso": "SEK",
                        "value": 39.5,
                        "priceType": "BUY",
                        "formattedValue": "39,50 kr",
                        "minQuantity": null,
                        "maxQuantity": null
                    },
                    "promotionType": "MixMatchPricePromotion",
                    "conditionLabel": "2 för",
                    "rewardLabel": "79 kr",
                    "textLabel": "Gäller endast online",
                    "redeemLimitLabel": "",
                    "cartLabel": null,
                    "validUntil": null,
                    "timesUsed": null,
                    "qualifyingCount": 2,
                    "comparePrice": "9,97 kr",
                    "splashTitleText": "Kampanj",
                    "realMixAndMatch": true,
                    "mainProductCode": "101245453_ST",
                    "conditionLabelFormatted": "",
                    "promotionRedeemLimit": null,
                    "promotionPercentage": null,
                    "cartLabelFormatted": "",
                    "priority": 508,
                    "code": "10009465639"
                }
            ],
            "inactivePotentialPromotions": [],
            "priceValue": 42.95,
            "price": "42,95 kr",
            "image": {
                "imageType": "PRIMARY",
                "format": "product",
                "url": "https://assets.axfood.se/image/upload/f_auto,t_200/07611612510172_C1N1_s02",
                "altText": null,
                "galleryIndex": null,
                "width": null
            },
            "ranking": 350.9110899856274,
            "depositPrice": "12,00 kr",
            "averageWeight": null,
            "comparePrice": "10,84 kr",
            "comparePriceUnit": "l",
            "isDrugProduct": false,
            "solrSearchScore": 0.7614262700080872,
            "energyDeclaration": null,
            "newsSplashProduct": false,
            "notAllowedB2b": false,
            "notAllowedAnonymous": false,
            "productLine2": "PREMIER, 12p/33cl",
            "pickupProductLine2": "PREMIER, 12p/33cl",
            "priceUnit": "kr/st",
            "priceNoUnit": "42,95",
            "savingsAmount": 6.9,
            "googleAnalyticsCategory": "dryck|vatten|vatten-liten",
            "gdprTrackingIncompliant": false,
            "nicotineMedicalProduct": false,
            "tobaccoFreeNicotineProduct": false,
            "nonEkoProduct": false,
            "precautionaryStatements": [],
            "hazards": [],
            "tobaccoProduct": false,
            "showGoodPriceIcon": false,
            "labels": [],
            "seoDescription": "",
            "seoTitle": "",
            "manufacturer": "Premier",
            "incrementValue": 1.0,
            "productBasketType": {
                "code": "ST",
                "type": "ProductBasketTypeEnum"
            },
            "bargainProduct": false,
            "addToCartMessage": "",
            "thumbnail": {
                "imageType": "PRIMARY",
                "format": "thumbnail",
                "url": "https://assets.axfood.se/image/upload/f_auto,t_100/07611612510172_C1N1_s02",
                "altText": null,
                "galleryIndex": null,
                "width": null
            },
            "outOfStock": false,
            "online": true,
            "displayVolume": "12p/33cl",
            "addToCartDisabled": false,
            "name": "Naturell Kolsyrat Vatten Pet",
            "code": "101245453_ST"
        },
        {
            "potentialPromotions": [
                {
                    "threshold": null,
                    "applied": false,
                    "campaignType": "GENERAL",
                    "offerStatus": null,
                    "productCodes": [
                        "101225892_ST",
                        "101225900_ST"
                    ],
                    "promotionTheme": {
                        "code": "Z083",
                        "visible": null
                    },
                    "textLabelGenerated": "",
                    "textLabelManual": "Gäller endast online",
                    "lowestHistoricalPrice": null,
                    "price": {
                        "currencyIso": "SEK",
                        "value": 39.5,
                        "priceType": "BUY",
                        "formattedValue": "39,50 kr",
                        "minQuantity": null,
                        "maxQuantity": null
                    },
                    "promotionType": "MixMatchPricePromotion",
                    "conditionLabel": "2 för",
                    "rewardLabel": "79 kr",
                    "textLabel": "Gäller endast online",
                    "redeemLimitLabel": "",
                    "cartLabel": null,
                    "validUntil": null,
                    "timesUsed": null,
                    "qualifyingCount": 2,
                    "comparePrice": "42,15 kr",
                    "splashTitleText": "Kampanj",
                    "realMixAndMatch": true,
                    "mainProductCode": "101225892_ST",
                    "conditionLabelFormatted": "",
                    "promotionRedeemLimit": null,
                    "promotionPercentage": null,
                    "cartLabelFormatted": "",
                    "priority": 508,
                    "code": "10009465638"
                }
            ],
            "inactivePotentialPromotions": [],
            "priceValue": 43.95,
            "price": "43,95 kr",
            "image": {
                "imageType": "PRIMARY",
                "format": "product",
                "url": "https://assets.axfood.se/image/upload/f_auto,t_200/07340083434433_C1L1_s05",
                "altText": null,
                "galleryIndex": null,
                "width": null
            },
            "ranking": 350.9110899823506,
            "depositPrice": "",
            "averageWeight": null,
            "comparePrice": "46,90 kr",
            "comparePriceUnit": "kg",
            "isDrugProduct": false,
            "solrSearchScore": 0.7614262700080872,
            "energyDeclaration": null,
            "newsSplashProduct": false,
            "notAllowedB2b": false,
            "notAllowedAnonymous": false,
            "productLine2": "FIXA, 2p",
            "pickupProductLine2": "FIXA, 2p",
            "priceUnit": "kr/st",
            "priceNoUnit": "43,95",
            "savingsAmount": 8.9,
            "googleAnalyticsCategory": "hem-och-hushall|toalett-och-hushallspapper|hushallspapper",
            "gdprTrackingIncompliant": false,
            "nicotineMedicalProduct": false,
            "tobaccoFreeNicotineProduct": false,
            "nonEkoProduct": false,
            "precautionaryStatements": [],
            "hazards": [],
            "tobaccoProduct": false,
            "showGoodPriceIcon": false,
            "labels": [
                "swan",
                "environmental_facet"
            ],
            "seoDescription": "",
            "seoTitle": "",
            "manufacturer": "Fixa",
            "incrementValue": 1.0,
            "productBasketType": {
                "code": "ST",
                "type": "ProductBasketTypeEnum"
            },
            "bargainProduct": false,
            "addToCartMessage": "",
            "thumbnail": {
                "imageType": "PRIMARY",
                "format": "thumbnail",
                "url": "https://assets.axfood.se/image/upload/f_auto,t_100/07340083434433_C1L1_s05",
                "altText": null,
                "galleryIndex": null,
                "width": null
            },
            "outOfStock": false,
            "online": true,
            "displayVolume": "2p",
            "addToCartDisabled": false,
            "name": "Hushållspapper Extra Långt",
            "code": "101225892_ST"
        },
        {
            "potentialPromotions": [
                {
                    "threshold": null,
                    "applied": false,
                    "campaignType": "GENERAL",
                    "offerStatus": null,
                    "productCodes": [
                        "101501309_ST"
                    ],
                    "promotionTheme": {
                        "code": "Z083",
                        "visible": null
                    },
                    "textLabelGenerated": "",
                    "textLabelManual": "Gäller endast online",
                    "lowestHistoricalPrice": null,
                    "price": {
                        "currencyIso": "SEK",
                        "value": 35.0,
                        "priceType": "BUY",
                        "formattedValue": "35,00 kr",
                        "minQuantity": null,
                        "maxQuantity": null
                    },
                    "promotionType": "MixMatchPricePromotion",
                    "conditionLabel": "2 för",
                    "rewardLabel": "70 kr",
                    "textLabel": "Gäller endast online",
                    "redeemLimitLabel": "",
                    "cartLabel": null,
                    "validUntil": null,
                    "timesUsed": null,
                    "qualifyingCount": 2,
                    "comparePrice": "4,38 kr",
                    "splashTitleText": "Kampanj",
                    "realMixAndMatch": false,
                    "mainProductCode": "101501309_ST",
                    "conditionLabelFormatted": "",
                    "promotionRedeemLimit": null,
                    "promotionPercentage": null,
                    "cartLabelFormatted": "",
                    "priority": 508,
                    "code": "10009465636"
                }
            ],
            "inactivePotentialPromotions": [],
            "priceValue": 42.95,
            "price": "42,95 kr",
            "image": {
                "imageType": "PRIMARY",
                "format": "product",
                "url": "https://assets.axfood.se/image/upload/f_auto,t_200/07311043004287_C1L1_s01",
                "altText": null,
                "galleryIndex": null,
                "width": null
            },
            "ranking": 350.911089975797,
            "depositPrice": "",
            "averageWeight": null,
            "comparePrice": "5,37 kr",
            "comparePriceUnit": "st",
            "isDrugProduct": false,
            "solrSearchScore": 0.7614262700080872,
            "energyDeclaration": null,
            "newsSplashProduct": false,
            "notAllowedB2b": false,
            "notAllowedAnonymous": false,
            "productLine2": "FIXA, 8p",
            "pickupProductLine2": "FIXA, 8p",
            "priceUnit": "kr/st",
            "priceNoUnit": "42,95",
            "savingsAmount": 15.9,
            "googleAnalyticsCategory": "hem-och-hushall|stad|stadutrustning",
            "gdprTrackingIncompliant": false,
            "nicotineMedicalProduct": false,
            "tobaccoFreeNicotineProduct": false,
            "nonEkoProduct": false,
            "precautionaryStatements": [],
            "hazards": [],
            "tobaccoProduct": false,
            "showGoodPriceIcon": false,
            "labels": [],
            "seoDescription": "",
            "seoTitle": "",
            "manufacturer": "Fixa",
            "incrementValue": 1.0,
            "productBasketType": {
                "code": "ST",
                "type": "ProductBasketTypeEnum"
            },
            "bargainProduct": false,
            "addToCartMessage": "",
            "thumbnail": {
                "imageType": "PRIMARY",
                "format": "thumbnail",
                "url": "https://assets.axfood.se/image/upload/f_auto,t_100/07311043004287_C1L1_s01",
                "altText": null,
                "galleryIndex": null,
                "width": null
            },
            "outOfStock": false,
            "online": true,
            "displayVolume": "8p",
            "addToCartDisabled": false,
            "name": "Sopsäck 240l",
            "code": "101501309_ST"
        },
        {
            "potentialPromotions": [
                {
                    "threshold": null,
                    "applied": false,
                    "campaignType": "GENERAL",
                    "offerStatus": null,
                    "productCodes": [
                        "101350481_ST",
                        "101350484_ST",
                        "101353779_ST",
                        "101550538_ST"
                    ],
                    "promotionTheme": {
                        "code": "Z083",
                        "visible": null
                    },
                    "textLabelGenerated": "",
                    "textLabelManual": "Gäller endast online",
                    "lowestHistoricalPrice": null,
                    "price": {
                        "currencyIso": "SEK",
                        "value": 30.0,
                        "priceType": "BUY",
                        "formattedValue": "30,00 kr",
                        "minQuantity": null,
                        "maxQuantity": null
                    },
                    "promotionType": "MixMatchPricePromotion",
                    "conditionLabel": "2 för",
                    "rewardLabel": "60 kr",
                    "textLabel": "Gäller endast online",
                    "redeemLimitLabel": "",
                    "cartLabel": null,
                    "validUntil": null,
                    "timesUsed": null,
                    "qualifyingCount": 2,
                    "comparePrice": "109,09 kr",
                    "splashTitleText": "Kampanj",
                    "realMixAndMatch": true,
                    "mainProductCode": "101350481_ST",
                    "conditionLabelFormatted": "",
                    "promotionRedeemLimit": null,
                    "promotionPercentage": null,
                    "cartLabelFormatted": "",
                    "priority": 508,
                    "code": "10009465635"
                }
            ],
            "inactivePotentialPromotions": [],
            "priceValue": 32.95,
            "price": "32,95 kr",
            "image": {
                "imageType": "PRIMARY",
                "format": "product",
                "url": "https://assets.axfood.se/image/upload/f_auto,t_200/07340083491672_C1N1_s03",
                "altText": null,
                "galleryIndex": null,
                "width": null
            },
            "ranking": 350.9110899725202,
            "depositPrice": "",
            "averageWeight": null,
            "comparePrice": "119,82 kr",
            "comparePriceUnit": "kg",
            "isDrugProduct": false,
            "solrSearchScore": 0.7614262700080872,
            "energyDeclaration": null,
            "newsSplashProduct": false,
            "notAllowedB2b": false,
            "notAllowedAnonymous": false,
            "productLine2": "GARANT, 550/275g",
            "pickupProductLine2": "GARANT, 550/275g",
            "priceUnit": "kr/st",
            "priceNoUnit": "32,95",
            "savingsAmount": 5.9,
            "googleAnalyticsCategory": "fisk-och-skaldjur|sill-ansjovis-och-sardiner|sill",
            "gdprTrackingIncompliant": false,
            "nicotineMedicalProduct": false,
            "tobaccoFreeNicotineProduct": false,
            "nonEkoProduct": true,
            "precautionaryStatements": [],
            "hazards": [],
            "tobaccoProduct": false,
            "showGoodPriceIcon": false,
            "labels": [],
            "seoDescription": "",
            "seoTitle": "",
            "manufacturer": "Garant",
            "incrementValue": 1.0,
            "productBasketType": {
                "code": "ST",
                "type": "ProductBasketTypeEnum"
            },
            "bargainProduct": false,
            "addToCartMessage": "",
            "thumbnail": {
                "imageType": "PRIMARY",
                "format": "thumbnail",
                "url": "https://assets.axfood.se/image/upload/f_auto,t_100/07340083491672_C1N1_s03",
                "altText": null,
                "galleryIndex": null,
                "width": null
            },
            "outOfStock": false,
            "online": true,
            "displayVolume": "550/275g",
            "addToCartDisabled": false,
            "name": "Löksill",
            "code": "101350481_ST"
        },
        {
            "potentialPromotions": [
                {
                    "threshold": null,
                    "applied": false,
                    "campaignType": "GENERAL",
                    "offerStatus": null,
                    "productCodes": [
                        "101273011_ST",
                        "101273012_ST"
                    ],
                    "promotionTheme": {
                        "code": "Z083",
                        "visible": null
                    },
                    "textLabelGenerated": "",
                    "textLabelManual": "Gäller endast online",
                    "lowestHistoricalPrice": null,
                    "price": {
                        "currencyIso": "SEK",
                        "value": 29.0,
                        "priceType": "BUY",
                        "formattedValue": "29,00 kr",
                        "minQuantity": null,
                        "maxQuantity": null
                    },
                    "promotionType": "MixMatchPricePromotion",
                    "conditionLabel": "2 för",
                    "rewardLabel": "58 kr",
                    "textLabel": "Gäller endast online",
                    "redeemLimitLabel": "",
                    "cartLabel": null,
                    "validUntil": null,
                    "timesUsed": null,
                    "qualifyingCount": 2,
                    "comparePrice": "58,00 kr",
                    "splashTitleText": "Kampanj",
                    "realMixAndMatch": true,
                    "mainProductCode": "101273011_ST",
                    "conditionLabelFormatted": "",
                    "promotionRedeemLimit": null,
                    "promotionPercentage": null,
                    "cartLabelFormatted": "",
                    "priority": 508,
                    "code": "10009465633"
                }
            ],
            "inactivePotentialPromotions": [],
            "priceValue": 31.95,
            "price": "31,95 kr",
            "image": {
                "imageType": "PRIMARY",
                "format": "product",
                "url": "https://assets.axfood.se/image/upload/f_auto,t_200/07340083464171_C1N1_s01",
                "altText": null,
                "galleryIndex": null,
                "width": null
            },
            "ranking": 350.9110899692434,
            "depositPrice": "",
            "averageWeight": null,
            "comparePrice": "63,90 kr",
            "comparePriceUnit": "kg",
            "isDrugProduct": false,
            "solrSearchScore": 0.7614262700080872,
            "energyDeclaration": null,
            "newsSplashProduct": false,
            "notAllowedB2b": false,
            "notAllowedAnonymous": false,
            "productLine2": "GARANT, 500g",
            "pickupProductLine2": "GARANT, 500g",
            "priceUnit": "kr/st",
            "priceNoUnit": "31,95",
            "savingsAmount": 5.9,
            "googleAnalyticsCategory": "frukt-och-gront|bar|frysta-bar",
            "gdprTrackingIncompliant": false,
            "nicotineMedicalProduct": false,
            "tobaccoFreeNicotineProduct": false,
            "nonEkoProduct": false,
            "precautionaryStatements": [],
            "hazards": [],
            "tobaccoProduct": false,
            "showGoodPriceIcon": false,
            "labels": [
                "keyhole"
            ],
            "seoDescription": "",
            "seoTitle": "",
            "manufacturer": "Garant",
            "incrementValue": 1.0,
            "productBasketType": {
                "code": "ST",
                "type": "ProductBasketTypeEnum"
            },
            "bargainProduct": false,
            "addToCartMessage": "",
            "thumbnail": {
                "imageType": "PRIMARY",
                "format": "thumbnail",
                "url": "https://assets.axfood.se/image/upload/f_auto,t_100/07340083464171_C1N1_s01",
                "altText": null,
                "galleryIndex": null,
                "width": null
            },
            "outOfStock": false,
            "online": true,
            "displayVolume": "500g",
            "addToCartDisabled": false,
            "name": "Smoothie Jordgubb Banan Blåbä Fryst",
            "code": "101273011_ST"
        },
        {
            "potentialPromotions": [
                {
                    "threshold": null,
                    "applied": false,
                    "campaignType": "GENERAL",
                    "offerStatus": null,
                    "productCodes": [
                        "101329472_ST",
                        "101329474_ST"
                    ],
                    "promotionTheme": {
                        "code": "Z083",
                        "visible": null
                    },
                    "textLabelGenerated": "",
                    "textLabelManual": "Gäller endast online",
                    "lowestHistoricalPrice": null,
                    "price": {
                        "currencyIso": "SEK",
                        "value": 29.0,
                        "priceType": "BUY",
                        "formattedValue": "29,00 kr",
                        "minQuantity": null,
                        "maxQuantity": null
                    },
                    "promotionType": "MixMatchPricePromotion",
                    "conditionLabel": "2 för",
                    "rewardLabel": "58 kr",
                    "textLabel": "Gäller endast online",
                    "redeemLimitLabel": "",
                    "cartLabel": null,
                    "validUntil": null,
                    "timesUsed": null,
                    "qualifyingCount": 2,
                    "comparePrice": "2,42 kr",
                    "splashTitleText": "Kampanj",
                    "realMixAndMatch": true,
                    "mainProductCode": "101329472_ST",
                    "conditionLabelFormatted": "",
                    "promotionRedeemLimit": null,
                    "promotionPercentage": null,
                    "cartLabelFormatted": "",
                    "priority": 508,
                    "code": "10009465631"
                }
            ],
            "inactivePotentialPromotions": [],
            "priceValue": 33.95,
            "price": "33,95 kr",
            "image": {
                "imageType": "PRIMARY",
                "format": "product",
                "url": "https://assets.axfood.se/image/upload/f_auto,t_200/07340083485299_C1N1_s01",
                "altText": null,
                "galleryIndex": null,
                "width": null
            },
            "ranking": 350.9110899659666,
            "depositPrice": "",
            "averageWeight": null,
            "comparePrice": "2,83 kr",
            "comparePriceUnit": "st",
            "isDrugProduct": false,
            "solrSearchScore": 0.7614262700080872,
            "energyDeclaration": null,
            "newsSplashProduct": false,
            "notAllowedB2b": false,
            "notAllowedAnonymous": false,
            "productLine2": "INTUITION, 12p",
            "pickupProductLine2": "INTUITION, 12p",
            "priceUnit": "kr/st",
            "priceNoUnit": "33,95",
            "savingsAmount": 9.9,
            "googleAnalyticsCategory": "halsa-och-skonhet|intimhygien|inkontinens",
            "gdprTrackingIncompliant": false,
            "nicotineMedicalProduct": false,
            "tobaccoFreeNicotineProduct": false,
            "nonEkoProduct": false,
            "precautionaryStatements": [],
            "hazards": [],
            "tobaccoProduct": false,
            "showGoodPriceIcon": false,
            "labels": [],
            "seoDescription": "",
            "seoTitle": "",
            "manufacturer": "Intuition",
            "incrementValue": 1.0,
            "productBasketType": {
                "code": "ST",
                "type": "ProductBasketTypeEnum"
            },
            "bargainProduct": false,
            "addToCartMessage": "",
            "thumbnail": {
                "imageType": "PRIMARY",
                "format": "thumbnail",
                "url": "https://assets.axfood.se/image/upload/f_auto,t_100/07340083485299_C1N1_s01",
                "altText": null,
                "galleryIndex": null,
                "width": null
            },
            "outOfStock": false,
            "online": true,
            "displayVolume": "12p",
            "addToCartDisabled": false,
            "name": "Inkontinens Normal Binda",
            "code": "101329472_ST"
        },
        {
            "potentialPromotions": [
                {
                    "threshold": null,
                    "applied": false,
                    "campaignType": "GENERAL",
                    "offerStatus": null,
                    "productCodes": [
                        "101339956_ST",
                        "101339957_ST"
                    ],
                    "promotionTheme": {
                        "code": "Z083",
                        "visible": null
                    },
                    "textLabelGenerated": "",
                    "textLabelManual": "Gäller endast online",
                    "lowestHistoricalPrice": null,
                    "price": {
                        "currencyIso": "SEK",
                        "value": 29.0,
                        "priceType": "BUY",
                        "formattedValue": "29,00 kr",
                        "minQuantity": null,
                        "maxQuantity": null
                    },
                    "promotionType": "MixMatchPricePromotion",
                    "conditionLabel": "2 för",
                    "rewardLabel": "58 kr",
                    "textLabel": "Gäller endast online",
                    "redeemLimitLabel": "",
                    "cartLabel": null,
                    "validUntil": null,
                    "timesUsed": null,
                    "qualifyingCount": 2,
                    "comparePrice": "145,00 kr",
                    "splashTitleText": "Kampanj",
                    "realMixAndMatch": true,
                    "mainProductCode": "101339956_ST",
                    "conditionLabelFormatted": "",
                    "promotionRedeemLimit": null,
                    "promotionPercentage": null,
                    "cartLabelFormatted": "",
                    "priority": 508,
                    "code": "10009465630"
                }
            ],
            "inactivePotentialPromotions": [],
            "priceValue": 32.95,
            "price": "32,95 kr",
            "image": {
                "imageType": "PRIMARY",
                "format": "product",
                "url": "https://assets.axfood.se/image/upload/f_auto,t_200/07340083489280_C1N1_s01",
                "altText": null,
                "galleryIndex": null,
                "width": null
            },
            "ranking": 350.9110899626898,
            "depositPrice": "",
            "averageWeight": null,
            "comparePrice": "164,75 kr",
            "comparePriceUnit": "l",
            "isDrugProduct": false,
            "solrSearchScore": 0.7614262700080872,
            "energyDeclaration": null,
            "newsSplashProduct": false,
            "notAllowedB2b": false,
            "notAllowedAnonymous": false,
            "productLine2": "MEVOLUTION, 200ml",
            "pickupProductLine2": "MEVOLUTION, 200ml",
            "priceUnit": "kr/st",
            "priceNoUnit": "32,95",
            "savingsAmount": 7.9,
            "googleAnalyticsCategory": "halsa-och-skonhet|kroppsvard|deodorant-for-kvinnor",
            "gdprTrackingIncompliant": false,
            "nicotineMedicalProduct": false,
            "tobaccoFreeNicotineProduct": false,
            "nonEkoProduct": false,
            "precautionaryStatements": [],
            "hazards": [],
            "tobaccoProduct": false,
            "showGoodPriceIcon": false,
            "labels": [
                "danger",
                "flame"
            ],
            "seoDescription": "",
            "seoTitle": "",
            "manufacturer": "Mevolution",
            "incrementValue": 1.0,
            "productBasketType": {
                "code": "ST",
                "type": "ProductBasketTypeEnum"
            },
            "bargainProduct": false,
            "addToCartMessage": "",
            "thumbnail": {
                "imageType": "PRIMARY",
                "format": "thumbnail",
                "url": "https://assets.axfood.se/image/upload/f_auto,t_100/07340083489280_C1N1_s01",
                "altText": null,
                "galleryIndex": null,
                "width": null
            },
            "outOfStock": false,
            "online": true,
            "displayVolume": "200ml",
            "addToCartDisabled": false,
            "name": "Around The Clock Deospray",
            "code": "101339956_ST"
        },
        {
            "potentialPromotions": [
                {
                    "threshold": null,
                    "applied": false,
                    "campaignType": "GENERAL",
                    "offerStatus": null,
                    "productCodes": [
                        "101232028_ST",
                        "101232029_ST",
                        "101301701_ST"
                    ],
                    "promotionTheme": {
                        "code": "Z083",
                        "visible": null
                    },
                    "textLabelGenerated": "",
                    "textLabelManual": "Gäller endast online",
                    "lowestHistoricalPrice": null,
                    "price": {
                        "currencyIso": "SEK",
                        "value": 28.0,
                        "priceType": "BUY",
                        "formattedValue": "28,00 kr",
                        "minQuantity": null,
                        "maxQuantity": null
                    },
                    "promotionType": "MixMatchPricePromotion",
                    "conditionLabel": "2 för",
                    "rewardLabel": "56 kr",
                    "textLabel": "Gäller endast online",
                    "redeemLimitLabel": "",
                    "cartLabel": null,
                    "validUntil": null,
                    "timesUsed": null,
                    "qualifyingCount": 2,
                    "comparePrice": "140,00 kr",
                    "splashTitleText": "Kampanj",
                    "realMixAndMatch": true,
                    "mainProductCode": "101232028_ST",
                    "conditionLabelFormatted": "",
                    "promotionRedeemLimit": null,
                    "promotionPercentage": null,
                    "cartLabelFormatted": "",
                    "priority": 508,
                    "code": "10009465629"
                }
            ],
            "inactivePotentialPromotions": [],
            "priceValue": 30.95,
            "price": "30,95 kr",
            "image": {
                "imageType": "PRIMARY",
                "format": "product",
                "url": "https://assets.axfood.se/image/upload/f_auto,t_200/07340083443435_C1N1_s01",
                "altText": null,
                "galleryIndex": null,
                "width": null
            },
            "ranking": 350.911089959413,
            "depositPrice": "",
            "averageWeight": null,
            "comparePrice": "154,75 kr",
            "comparePriceUnit": "kg",
            "isDrugProduct": false,
            "solrSearchScore": 0.7614262700080872,
            "energyDeclaration": null,
            "newsSplashProduct": false,
            "notAllowedB2b": false,
            "notAllowedAnonymous": false,
            "productLine2": "GARANT EKO, 200g",
            "pickupProductLine2": "GARANT EKO, 200g",
            "priceUnit": "kr/st",
            "priceNoUnit": "30,95",
            "savingsAmount": 5.9,
            "googleAnalyticsCategory": "skafferi|kryddor-och-smaksattare|saser",
            "gdprTrackingIncompliant": false,
            "nicotineMedicalProduct": false,
            "tobaccoFreeNicotineProduct": false,
            "nonEkoProduct": false,
            "precautionaryStatements": [],
            "hazards": [],
            "tobaccoProduct": false,
            "showGoodPriceIcon": false,
            "labels": [
                "ecological",
                "eu_ecological",
                "keyhole",
                "crossed_ax"
            ],
            "seoDescription": "",
            "seoTitle": "",
            "manufacturer": "Garant Eko",
            "incrementValue": 1.0,
            "productBasketType": {
                "code": "ST",
                "type": "ProductBasketTypeEnum"
            },
            "bargainProduct": false,
            "addToCartMessage": "",
            "thumbnail": {
                "imageType": "PRIMARY",
                "format": "thumbnail",
                "url": "https://assets.axfood.se/image/upload/f_auto,t_100/07340083443435_C1N1_s01",
                "altText": null,
                "galleryIndex": null,
                "width": null
            },
            "outOfStock": false,
            "online": true,
            "displayVolume": "200g",
            "addToCartDisabled": false,
            "name": "Spaghetti Bönpasta Glutenfri",
            "code": "101232028_ST"
        },
        {
            "potentialPromotions": [
                {
                    "threshold": null,
                    "applied": false,
                    "campaignType": "GENERAL",
                    "offerStatus": null,
                    "productCodes": [
                        "101285796_ST",
                        "101285797_ST"
                    ],
                    "promotionTheme": {
                        "code": "Z083",
                        "visible": null
                    },
                    "textLabelGenerated": "",
                    "textLabelManual": "Gäller endast online",
                    "lowestHistoricalPrice": null,
                    "price": {
                        "currencyIso": "SEK",
                        "value": 29.0,
                        "priceType": "BUY",
                        "formattedValue": "29,00 kr",
                        "minQuantity": null,
                        "maxQuantity": null
                    },
                    "promotionType": "MixMatchPricePromotion",
                    "conditionLabel": "2 för",
                    "rewardLabel": "58 kr",
                    "textLabel": "Gäller endast online",
                    "redeemLimitLabel": "",
                    "cartLabel": null,
                    "validUntil": null,
                    "timesUsed": null,
                    "qualifyingCount": 2,
                    "comparePrice": "193,33 kr",
                    "splashTitleText": "Kampanj",
                    "realMixAndMatch": true,
                    "mainProductCode": "101285796_ST",
                    "conditionLabelFormatted": "",
                    "promotionRedeemLimit": null,
                    "promotionPercentage": null,
                    "cartLabelFormatted": "",
                    "priority": 508,
                    "code": "10009465628"
                }
            ],
            "inactivePotentialPromotions": [],
            "priceValue": 30.95,
            "price": "30,95 kr",
            "image": {
                "imageType": "PRIMARY",
                "format": "product",
                "url": "https://assets.axfood.se/image/upload/f_auto,t_200/07340083469251_C1L1_s02",
                "altText": null,
                "galleryIndex": null,
                "width": null
            },
            "ranking": 350.9110899561362,
            "depositPrice": "",
            "averageWeight": null,
            "comparePrice": "206,33 kr",
            "comparePriceUnit": "kg",
            "isDrugProduct": false,
            "solrSearchScore": 0.7614262700080872,
            "energyDeclaration": null,
            "newsSplashProduct": false,
            "notAllowedB2b": false,
            "notAllowedAnonymous": false,
            "productLine2": "GARANT, 150g",
            "pickupProductLine2": "GARANT, 150g",
            "priceUnit": "kr/st",
            "priceNoUnit": "30,95",
            "savingsAmount": 3.9,
            "googleAnalyticsCategory": "skafferi|konserver-och-burkar|tonfisk-och-makrill",
            "gdprTrackingIncompliant": false,
            "nicotineMedicalProduct": false,
            "tobaccoFreeNicotineProduct": false,
            "nonEkoProduct": false,
            "precautionaryStatements": [],
            "hazards": [],
            "tobaccoProduct": false,
            "showGoodPriceIcon": false,
            "labels": [
                "msc_fish",
                "keyhole",
                "environmental_facet"
            ],
            "seoDescription": "",
            "seoTitle": "",
            "manufacturer": "Garant",
            "incrementValue": 1.0,
            "productBasketType": {
                "code": "ST",
                "type": "ProductBasketTypeEnum"
            },
            "bargainProduct": false,
            "addToCartMessage": "",
            "thumbnail": {
                "imageType": "PRIMARY",
                "format": "thumbnail",
                "url": "https://assets.axfood.se/image/upload/f_auto,t_100/07340083469251_C1L1_s02",
                "altText": null,
                "galleryIndex": null,
                "width": null
            },
            "outOfStock": false,
            "online": true,
            "displayVolume": "150g",
            "addToCartDisabled": false,
            "name": "Tonfiskfilé & Bönor Majs Kikärtor",
            "code": "101285796_ST"
        },
        {
            "potentialPromotions": [
                {
                    "threshold": null,
                    "applied": false,
                    "campaignType": "GENERAL",
                    "offerStatus": null,
                    "productCodes": [
                        "101361573_ST",
                        "101488557_ST",
                        "101488800_ST"
                    ],
                    "promotionTheme": {
                        "code": "Z083",
                        "visible": null
                    },
                    "textLabelGenerated": "",
                    "textLabelManual": "Gäller endast online",
                    "lowestHistoricalPrice": null,
                    "price": {
                        "currencyIso": "SEK",
                        "value": 29.0,
                        "priceType": "BUY",
                        "formattedValue": "29,00 kr",
                        "minQuantity": null,
                        "maxQuantity": null
                    },
                    "promotionType": "MixMatchPricePromotion",
                    "conditionLabel": "2 för",
                    "rewardLabel": "58 kr",
                    "textLabel": "Gäller endast online",
                    "redeemLimitLabel": "",
                    "cartLabel": null,
                    "validUntil": null,
                    "timesUsed": null,
                    "qualifyingCount": 2,
                    "comparePrice": "58,00 kr",
                    "splashTitleText": "Kampanj",
                    "realMixAndMatch": true,
                    "mainProductCode": "101361573_ST",
                    "conditionLabelFormatted": "",
                    "promotionRedeemLimit": null,
                    "promotionPercentage": null,
                    "cartLabelFormatted": "",
                    "priority": 508,
                    "code": "10009465627"
                }
            ],
            "inactivePotentialPromotions": [],
            "priceValue": 31.95,
            "price": "31,95 kr",
            "image": {
                "imageType": "PRIMARY",
                "format": "product",
                "url": "https://assets.axfood.se/image/upload/f_auto,t_200/07340083496011_C1L1_s01",
                "altText": null,
                "galleryIndex": null,
                "width": null
            },
            "ranking": 350.9110899528594,
            "depositPrice": "",
            "averageWeight": null,
            "comparePrice": "63,90 kr",
            "comparePriceUnit": "kg",
            "isDrugProduct": false,
            "solrSearchScore": 0.7614262700080872,
            "energyDeclaration": null,
            "newsSplashProduct": false,
            "notAllowedB2b": false,
            "notAllowedAnonymous": false,
            "productLine2": "GARANT, 500g",
            "pickupProductLine2": "GARANT, 500g",
            "priceUnit": "kr/st",
            "priceNoUnit": "31,95",
            "savingsAmount": 5.9,
            "googleAnalyticsCategory": "skafferi|ris-mos-och-gryner-|ris",
            "gdprTrackingIncompliant": false,
            "nicotineMedicalProduct": false,
            "tobaccoFreeNicotineProduct": false,
            "nonEkoProduct": false,
            "precautionaryStatements": [],
            "hazards": [],
            "tobaccoProduct": false,
            "showGoodPriceIcon": false,
            "labels": [],
            "seoDescription": "",
            "seoTitle": "",
            "manufacturer": "Garant",
            "incrementValue": 1.0,
            "productBasketType": {
                "code": "ST",
                "type": "ProductBasketTypeEnum"
            },
            "bargainProduct": false,
            "addToCartMessage": "",
            "thumbnail": {
                "imageType": "PRIMARY",
                "format": "thumbnail",
                "url": "https://assets.axfood.se/image/upload/f_auto,t_100/07340083496011_C1L1_s01",
                "altText": null,
                "galleryIndex": null,
                "width": null
            },
            "outOfStock": false,
            "online": true,
            "displayVolume": "500g",
            "addToCartDisabled": false,
            "name": "Långkornigt Ris Boil-in-bag 4x125g",
            "code": "101361573_ST"
        },
        {
            "potentialPromotions": [
                {
                    "threshold": null,
                    "applied": false,
                    "campaignType": "GENERAL",
                    "offerStatus": null,
                    "productCodes": [
                        "101076434_ST",
                        "101076443_ST"
                    ],
                    "promotionTheme": {
                        "code": "Z083",
                        "visible": null
                    },
                    "textLabelGenerated": "",
                    "textLabelManual": "Gäller endast online",
                    "lowestHistoricalPrice": null,
                    "price": {
                        "currencyIso": "SEK",
                        "value": 27.5,
                        "priceType": "BUY",
                        "formattedValue": "27,50 kr",
                        "minQuantity": null,
                        "maxQuantity": null
                    },
                    "promotionType": "MixMatchPricePromotion",
                    "conditionLabel": "2 för",
                    "rewardLabel": "55 kr",
                    "textLabel": "Gäller endast online",
                    "redeemLimitLabel": "",
                    "cartLabel": null,
                    "validUntil": null,
                    "timesUsed": null,
                    "qualifyingCount": 2,
                    "comparePrice": "27,50 kr",
                    "splashTitleText": "Kampanj",
                    "realMixAndMatch": true,
                    "mainProductCode": "101076434_ST",
                    "conditionLabelFormatted": "",
                    "promotionRedeemLimit": null,
                    "promotionPercentage": null,
                    "cartLabelFormatted": "",
                    "priority": 508,
                    "code": "10009465626"
                }
            ],
            "inactivePotentialPromotions": [],
            "priceValue": 28.95,
            "price": "28,95 kr",
            "image": {
                "imageType": "PRIMARY",
                "format": "product",
                "url": "https://assets.axfood.se/image/upload/f_auto,t_200/07311041059159_C1N1_s02",
                "altText": null,
                "galleryIndex": null,
                "width": null
            },
            "ranking": 350.9110899495826,
            "depositPrice": "",
            "averageWeight": null,
            "comparePrice": "28,95 kr",
            "comparePriceUnit": "kg",
            "isDrugProduct": false,
            "solrSearchScore": 0.7614262700080872,
            "energyDeclaration": null,
            "newsSplashProduct": false,
            "notAllowedB2b": false,
            "notAllowedAnonymous": false,
            "productLine2": "GARANT, 1kg",
            "pickupProductLine2": "GARANT, 1kg",
            "priceUnit": "kr/st",
            "priceNoUnit": "28,95",
            "savingsAmount": 2.9,
            "googleAnalyticsCategory": "fryst|potatis|pommes-frites-och-stripes",
            "gdprTrackingIncompliant": false,
            "nicotineMedicalProduct": false,
            "tobaccoFreeNicotineProduct": false,
            "nonEkoProduct": false,
            "precautionaryStatements": [],
            "hazards": [],
            "tobaccoProduct": false,
            "showGoodPriceIcon": false,
            "labels": [],
            "seoDescription": "",
            "seoTitle": "",
            "manufacturer": "Garant",
            "incrementValue": 1.0,
            "productBasketType": {
                "code": "ST",
                "type": "ProductBasketTypeEnum"
            },
            "bargainProduct": false,
            "addToCartMessage": "",
            "thumbnail": {
                "imageType": "PRIMARY",
                "format": "thumbnail",
                "url": "https://assets.axfood.se/image/upload/f_auto,t_100/07311041059159_C1N1_s02",
                "altText": null,
                "galleryIndex": null,
                "width": null
            },
            "outOfStock": false,
            "online": true,
            "displayVolume": "1kg",
            "addToCartDisabled": false,
            "name": "Pommes Strips Frysta",
            "code": "101076434_ST"
        },
        {
            "potentialPromotions": [
                {
                    "threshold": null,
                    "applied": false,
                    "campaignType": "GENERAL",
                    "offerStatus": null,
                    "productCodes": [
                        "101135086_ST",
                        "101135095_ST",
                        "101268109_ST",
                        "101275189_ST",
                        "101305081_ST",
                        "101546551_ST"
                    ],
                    "promotionTheme": {
                        "code": "Z083",
                        "visible": null
                    },
                    "textLabelGenerated": "",
                    "textLabelManual": "Gäller endast online",
                    "lowestHistoricalPrice": null,
                    "price": {
                        "currencyIso": "SEK",
                        "value": 27.5,
                        "priceType": "BUY",
                        "formattedValue": "27,50 kr",
                        "minQuantity": null,
                        "maxQuantity": null
                    },
                    "promotionType": "MixMatchPricePromotion",
                    "conditionLabel": "2 för",
                    "rewardLabel": "55 kr",
                    "textLabel": "Gäller endast online",
                    "redeemLimitLabel": "",
                    "cartLabel": null,
                    "validUntil": null,
                    "timesUsed": null,
                    "qualifyingCount": 2,
                    "comparePrice": "137,50 kr",
                    "splashTitleText": "Kampanj",
                    "realMixAndMatch": true,
                    "mainProductCode": "101135086_ST",
                    "conditionLabelFormatted": "",
                    "promotionRedeemLimit": null,
                    "promotionPercentage": null,
                    "cartLabelFormatted": "",
                    "priority": 508,
                    "code": "10009465625"
                }
            ],
            "inactivePotentialPromotions": [],
            "priceValue": 29.95,
            "price": "29,95 kr",
            "image": {
                "imageType": "PRIMARY",
                "format": "product",
                "url": "https://assets.axfood.se/image/upload/f_auto,t_200/07311041062661_C1C1_s01",
                "altText": null,
                "galleryIndex": null,
                "width": null
            },
            "ranking": 350.9110899463058,
            "depositPrice": "",
            "averageWeight": null,
            "comparePrice": "149,75 kr",
            "comparePriceUnit": "kg",
            "isDrugProduct": false,
            "solrSearchScore": 0.7614262700080872,
            "energyDeclaration": null,
            "newsSplashProduct": false,
            "notAllowedB2b": false,
            "notAllowedAnonymous": false,
            "productLine2": "GARANT, 200g",
            "pickupProductLine2": "GARANT, 200g",
            "priceUnit": "kr/st",
            "priceNoUnit": "29,95",
            "savingsAmount": 4.9,
            "googleAnalyticsCategory": "skafferi|kryddor-och-smaksattare|saser",
            "gdprTrackingIncompliant": false,
            "nicotineMedicalProduct": false,
            "tobaccoFreeNicotineProduct": false,
            "nonEkoProduct": false,
            "precautionaryStatements": [],
            "hazards": [],
            "tobaccoProduct": false,
            "showGoodPriceIcon": false,
            "labels": [],
            "seoDescription": "",
            "seoTitle": "",
            "manufacturer": "Garant",
            "incrementValue": 1.0,
            "productBasketType": {
                "code": "ST",
                "type": "ProductBasketTypeEnum"
            },
            "bargainProduct": false,
            "addToCartMessage": "",
            "thumbnail": {
                "imageType": "PRIMARY",
                "format": "thumbnail",
                "url": "https://assets.axfood.se/image/upload/f_auto,t_100/07311041062661_C1C1_s01",
                "altText": null,
                "galleryIndex": null,
                "width": null
            },
            "outOfStock": false,
            "online": true,
            "displayVolume": "200g",
            "addToCartDisabled": false,
            "name": "Pesto Rosso",
            "code": "101135086_ST"
        },
        {
            "potentialPromotions": [
                {
                    "threshold": null,
                    "applied": false,
                    "campaignType": "GENERAL",
                    "offerStatus": null,
                    "productCodes": [
                        "101259979_ST",
                        "101259983_ST",
                        "101260022_ST",
                        "101260177_ST",
                        "101262879_ST"
                    ],
                    "promotionTheme": {
                        "code": "Z083",
                        "visible": null
                    },
                    "textLabelGenerated": "",
                    "textLabelManual": "Gäller endast online",
                    "lowestHistoricalPrice": null,
                    "price": {
                        "currencyIso": "SEK",
                        "value": 25.0,
                        "priceType": "BUY",
                        "formattedValue": "25,00 kr",
                        "minQuantity": null,
                        "maxQuantity": null
                    },
                    "promotionType": "MixMatchPricePromotion",
                    "conditionLabel": "2 för",
                    "rewardLabel": "50 kr",
                    "textLabel": "Gäller endast online",
                    "redeemLimitLabel": "",
                    "cartLabel": null,
                    "validUntil": null,
                    "timesUsed": null,
                    "qualifyingCount": 2,
                    "comparePrice": "92,59 kr",
                    "splashTitleText": "Kampanj",
                    "realMixAndMatch": true,
                    "mainProductCode": "101259979_ST",
                    "conditionLabelFormatted": "",
                    "promotionRedeemLimit": null,
                    "promotionPercentage": null,
                    "cartLabelFormatted": "",
                    "priority": 508,
                    "code": "10009465624"
                }
            ],
            "inactivePotentialPromotions": [],
            "priceValue": 28.95,
            "price": "28,95 kr",
            "image": {
                "imageType": "PRIMARY",
                "format": "product",
                "url": "https://assets.axfood.se/image/upload/f_auto,t_200/07611612100557_C1N1_s01",
                "altText": null,
                "galleryIndex": null,
                "width": null
            },
            "ranking": 350.911089943029,
            "depositPrice": "",
            "averageWeight": null,
            "comparePrice": "107,22 kr",
            "comparePriceUnit": "kg",
            "isDrugProduct": false,
            "solrSearchScore": 0.7614262700080872,
            "energyDeclaration": null,
            "newsSplashProduct": false,
            "notAllowedB2b": false,
            "notAllowedAnonymous": false,
            "productLine2": "SPICEFIELD, 270g",
            "pickupProductLine2": "SPICEFIELD, 270g",
            "priceUnit": "kr/st",
            "priceNoUnit": "28,95",
            "savingsAmount": 7.9,
            "googleAnalyticsCategory": "skafferi|asien|nudlar-",
            "gdprTrackingIncompliant": false,
            "nicotineMedicalProduct": false,
            "tobaccoFreeNicotineProduct": false,
            "nonEkoProduct": false,
            "precautionaryStatements": [],
            "hazards": [],
            "tobaccoProduct": false,
            "showGoodPriceIcon": false,
            "labels": [],
            "seoDescription": "",
            "seoTitle": "",
            "manufacturer": "Spicefield",
            "incrementValue": 1.0,
            "productBasketType": {
                "code": "ST",
                "type": "ProductBasketTypeEnum"
            },
            "bargainProduct": false,
            "addToCartMessage": "",
            "thumbnail": {
                "imageType": "PRIMARY",
                "format": "thumbnail",
                "url": "https://assets.axfood.se/image/upload/f_auto,t_100/07611612100557_C1N1_s01",
                "altText": null,
                "galleryIndex": null,
                "width": null
            },
            "outOfStock": false,
            "online": true,
            "displayVolume": "270g",
            "addToCartDisabled": false,
            "name": "Shirataki Nudlar",
            "code": "101259979_ST"
        },
        {
            "potentialPromotions": [
                {
                    "threshold": null,
                    "applied": false,
                    "campaignType": "GENERAL",
                    "offerStatus": null,
                    "productCodes": [
                        "101361543_ST",
                        "101361544_ST",
                        "101361545_ST"
                    ],
                    "promotionTheme": {
                        "code": "Z083",
                        "visible": null
                    },
                    "textLabelGenerated": "",
                    "textLabelManual": "Gäller endast online",
                    "lowestHistoricalPrice": null,
                    "price": {
                        "currencyIso": "SEK",
                        "value": 24.0,
                        "priceType": "BUY",
                        "formattedValue": "24,00 kr",
                        "minQuantity": null,
                        "maxQuantity": null
                    },
                    "promotionType": "MixMatchPricePromotion",
                    "conditionLabel": "2 för",
                    "rewardLabel": "48 kr",
                    "textLabel": "Gäller endast online",
                    "redeemLimitLabel": "",
                    "cartLabel": null,
                    "validUntil": null,
                    "timesUsed": null,
                    "qualifyingCount": 2,
                    "comparePrice": "48,00 kr",
                    "splashTitleText": "Kampanj",
                    "realMixAndMatch": true,
                    "mainProductCode": "101361543_ST",
                    "conditionLabelFormatted": "",
                    "promotionRedeemLimit": null,
                    "promotionPercentage": null,
                    "cartLabelFormatted": "",
                    "priority": 508,
                    "code": "10009465622"
                }
            ],
            "inactivePotentialPromotions": [],
            "priceValue": 26.95,
            "price": "26,95 kr",
            "image": {
                "imageType": "PRIMARY",
                "format": "product",
                "url": "https://assets.axfood.se/image/upload/f_auto,t_200/07611612121101_C1N1_s01",
                "altText": null,
                "galleryIndex": null,
                "width": null
            },
            "ranking": 350.9110899397522,
            "depositPrice": "",
            "averageWeight": null,
            "comparePrice": "53,90 kr",
            "comparePriceUnit": "kg",
            "isDrugProduct": false,
            "solrSearchScore": 0.7614262700080872,
            "energyDeclaration": null,
            "newsSplashProduct": false,
            "notAllowedB2b": false,
            "notAllowedAnonymous": false,
            "productLine2": "SPICEFIELD, 500g",
            "pickupProductLine2": "SPICEFIELD, 500g",
            "priceUnit": "kr/st",
            "priceNoUnit": "26,95",
            "savingsAmount": 5.9,
            "googleAnalyticsCategory": "skafferi|kryddor-och-smaksattare|saser",
            "gdprTrackingIncompliant": false,
            "nicotineMedicalProduct": false,
            "tobaccoFreeNicotineProduct": false,
            "nonEkoProduct": false,
            "precautionaryStatements": [],
            "hazards": [],
            "tobaccoProduct": false,
            "showGoodPriceIcon": false,
            "labels": [],
            "seoDescription": "",
            "seoTitle": "",
            "manufacturer": "Spicefield",
            "incrementValue": 1.0,
            "productBasketType": {
                "code": "ST",
                "type": "ProductBasketTypeEnum"
            },
            "bargainProduct": false,
            "addToCartMessage": "",
            "thumbnail": {
                "imageType": "PRIMARY",
                "format": "thumbnail",
                "url": "https://assets.axfood.se/image/upload/f_auto,t_100/07611612121101_C1N1_s01",
                "altText": null,
                "galleryIndex": null,
                "width": null
            },
            "outOfStock": false,
            "online": true,
            "displayVolume": "500g",
            "addToCartDisabled": false,
            "name": "Sweet & Sour Sås",
            "code": "101361543_ST"
        },
        {
            "potentialPromotions": [
                {
                    "threshold": null,
                    "applied": false,
                    "campaignType": "GENERAL",
                    "offerStatus": null,
                    "productCodes": [
                        "101231897_ST",
                        "101231938_ST"
                    ],
                    "promotionTheme": {
                        "code": "Z083",
                        "visible": null
                    },
                    "textLabelGenerated": "",
                    "textLabelManual": "Gäller endast online",
                    "lowestHistoricalPrice": null,
                    "price": {
                        "currencyIso": "SEK",
                        "value": 24.0,
                        "priceType": "BUY",
                        "formattedValue": "24,00 kr",
                        "minQuantity": null,
                        "maxQuantity": null
                    },
                    "promotionType": "MixMatchPricePromotion",
                    "conditionLabel": "2 för",
                    "rewardLabel": "48 kr",
                    "textLabel": "Gäller endast online",
                    "redeemLimitLabel": "",
                    "cartLabel": null,
                    "validUntil": null,
                    "timesUsed": null,
                    "qualifyingCount": 2,
                    "comparePrice": "60,00 kr",
                    "splashTitleText": "Kampanj",
                    "realMixAndMatch": true,
                    "mainProductCode": "101231897_ST",
                    "conditionLabelFormatted": "",
                    "promotionRedeemLimit": null,
                    "promotionPercentage": null,
                    "cartLabelFormatted": "",
                    "priority": 508,
                    "code": "10009465621"
                }
            ],
            "inactivePotentialPromotions": [],
            "priceValue": 25.95,
            "price": "25,95 kr",
            "image": {
                "imageType": "PRIMARY",
                "format": "product",
                "url": "https://assets.axfood.se/image/upload/f_auto,t_200/07340083443275_C1N1_s03",
                "altText": null,
                "galleryIndex": null,
                "width": null
            },
            "ranking": 350.9110899364754,
            "depositPrice": "",
            "averageWeight": null,
            "comparePrice": "64,88 kr",
            "comparePriceUnit": "kg",
            "isDrugProduct": false,
            "solrSearchScore": 0.7614262700080872,
            "energyDeclaration": null,
            "newsSplashProduct": false,
            "notAllowedB2b": false,
            "notAllowedAnonymous": false,
            "productLine2": "GARANT EKO, 400g",
            "pickupProductLine2": "GARANT EKO, 400g",
            "priceUnit": "kr/st",
            "priceNoUnit": "25,95",
            "savingsAmount": 3.9,
            "googleAnalyticsCategory": "skafferi|kryddor-och-smaksattare|saser",
            "gdprTrackingIncompliant": false,
            "nicotineMedicalProduct": false,
            "tobaccoFreeNicotineProduct": false,
            "nonEkoProduct": false,
            "precautionaryStatements": [],
            "hazards": [],
            "tobaccoProduct": false,
            "showGoodPriceIcon": false,
            "labels": [
                "ecological",
                "eu_ecological"
            ],
            "seoDescription": "",
            "seoTitle": "",
            "manufacturer": "Garant Eko",
            "incrementValue": 1.0,
            "productBasketType": {
                "code": "ST",
                "type": "ProductBasketTypeEnum"
            },
            "bargainProduct": false,
            "addToCartMessage": "",
            "thumbnail": {
                "imageType": "PRIMARY",
                "format": "thumbnail",
                "url": "https://assets.axfood.se/image/upload/f_auto,t_100/07340083443275_C1N1_s03",
                "altText": null,
                "galleryIndex": null,
                "width": null
            },
            "outOfStock": false,
            "online": true,
            "displayVolume": "400g",
            "addToCartDisabled": false,
            "name": "Basilico Pastasås",
            "code": "101231897_ST"
        },
        {
            "potentialPromotions": [
                {
                    "threshold": null,
                    "applied": false,
                    "campaignType": "GENERAL",
                    "offerStatus": null,
                    "productCodes": [
                        "101222707_ST",
                        "101222752_ST",
                        "101222753_ST",
                        "101362376_ST"
                    ],
                    "promotionTheme": {
                        "code": "Z083",
                        "visible": null
                    },
                    "textLabelGenerated": "",
                    "textLabelManual": "Gäller endast online",
                    "lowestHistoricalPrice": null,
                    "price": {
                        "currencyIso": "SEK",
                        "value": 22.5,
                        "priceType": "BUY",
                        "formattedValue": "22,50 kr",
                        "minQuantity": null,
                        "maxQuantity": null
                    },
                    "promotionType": "MixMatchPricePromotion",
                    "conditionLabel": "2 för",
                    "rewardLabel": "45 kr",
                    "textLabel": "Gäller endast online",
                    "redeemLimitLabel": "",
                    "cartLabel": null,
                    "validUntil": null,
                    "timesUsed": null,
                    "qualifyingCount": 2,
                    "comparePrice": "30,00 kr",
                    "splashTitleText": "Kampanj",
                    "realMixAndMatch": true,
                    "mainProductCode": "101222707_ST",
                    "conditionLabelFormatted": "",
                    "promotionRedeemLimit": null,
                    "promotionPercentage": null,
                    "cartLabelFormatted": "",
                    "priority": 508,
                    "code": "10009465620"
                }
            ],
            "inactivePotentialPromotions": [],
            "priceValue": 23.95,
            "price": "23,95 kr",
            "image": {
                "imageType": "PRIMARY",
                "format": "product",
                "url": "https://assets.axfood.se/image/upload/f_auto,t_200/07340083434907_C1N1_s04",
                "altText": null,
                "galleryIndex": null,
                "width": null
            },
            "ranking": 350.9110899331986,
            "depositPrice": "",
            "averageWeight": null,
            "comparePrice": "31,93 kr",
            "comparePriceUnit": "l",
            "isDrugProduct": false,
            "solrSearchScore": 0.7614262700080872,
            "energyDeclaration": null,
            "newsSplashProduct": false,
            "notAllowedB2b": false,
            "notAllowedAnonymous": false,
            "productLine2": "ELDORADO, 750ml",
            "pickupProductLine2": "ELDORADO, 750ml",
            "priceUnit": "kr/st",
            "priceNoUnit": "23,95",
            "savingsAmount": 2.9,
            "googleAnalyticsCategory": "hem-och-hushall|stad|rengoringsmedel",
            "gdprTrackingIncompliant": false,
            "nicotineMedicalProduct": false,
            "tobaccoFreeNicotineProduct": false,
            "nonEkoProduct": false,
            "precautionaryStatements": [],
            "hazards": [],
            "tobaccoProduct": false,
            "showGoodPriceIcon": false,
            "labels": [
                "environmental_choice",
                "warning",
                "exclamation_mark",
                "environmental_facet"
            ],
            "seoDescription": "",
            "seoTitle": "",
            "manufacturer": "Eldorado",
            "incrementValue": 1.0,
            "productBasketType": {
                "code": "ST",
                "type": "ProductBasketTypeEnum"
            },
            "bargainProduct": false,
            "addToCartMessage": "",
            "thumbnail": {
                "imageType": "PRIMARY",
                "format": "thumbnail",
                "url": "https://assets.axfood.se/image/upload/f_auto,t_100/07340083434907_C1N1_s04",
                "altText": null,
                "galleryIndex": null,
                "width": null
            },
            "outOfStock": false,
            "online": true,
            "displayVolume": "750ml",
            "addToCartDisabled": false,
            "name": "Badrumsspray Rengöring",
            "code": "101222707_ST"
        },
        {
            "potentialPromotions": [
                {
                    "threshold": null,
                    "applied": false,
                    "campaignType": "GENERAL",
                    "offerStatus": null,
                    "productCodes": [
                        "101288706_ST"
                    ],
                    "promotionTheme": {
                        "code": "Z083",
                        "visible": null
                    },
                    "textLabelGenerated": "",
                    "textLabelManual": "Gäller endast online",
                    "lowestHistoricalPrice": null,
                    "price": {
                        "currencyIso": "SEK",
                        "value": 22.0,
                        "priceType": "BUY",
                        "formattedValue": "22,00 kr",
                        "minQuantity": null,
                        "maxQuantity": null
                    },
                    "promotionType": "MixMatchPricePromotion",
                    "conditionLabel": "2 för",
                    "rewardLabel": "44 kr",
                    "textLabel": "Gäller endast online",
                    "redeemLimitLabel": "",
                    "cartLabel": null,
                    "validUntil": null,
                    "timesUsed": null,
                    "qualifyingCount": 2,
                    "comparePrice": "1,47 kr",
                    "splashTitleText": "Kampanj",
                    "realMixAndMatch": false,
                    "mainProductCode": "101288706_ST",
                    "conditionLabelFormatted": "",
                    "promotionRedeemLimit": null,
                    "promotionPercentage": null,
                    "cartLabelFormatted": "",
                    "priority": 508,
                    "code": "10009465619"
                }
            ],
            "inactivePotentialPromotions": [],
            "priceValue": 24.95,
            "price": "24,95 kr",
            "image": {
                "imageType": "PRIMARY",
                "format": "product",
                "url": "https://assets.axfood.se/image/upload/f_auto,t_200/07340083473302_C1L1_s01",
                "altText": null,
                "galleryIndex": null,
                "width": null
            },
            "ranking": 350.9110899299218,
            "depositPrice": "",
            "averageWeight": null,
            "comparePrice": "1,66 kr",
            "comparePriceUnit": "m",
            "isDrugProduct": false,
            "solrSearchScore": 0.7614262700080872,
            "energyDeclaration": null,
            "newsSplashProduct": false,
            "notAllowedB2b": false,
            "notAllowedAnonymous": false,
            "productLine2": "ELDORADO, 15m",
            "pickupProductLine2": "ELDORADO, 15m",
            "priceUnit": "kr/st",
            "priceNoUnit": "24,95",
            "savingsAmount": 5.9,
            "googleAnalyticsCategory": "hem-och-hushall|hem-och-inredning|matforvaring",
            "gdprTrackingIncompliant": false,
            "nicotineMedicalProduct": false,
            "tobaccoFreeNicotineProduct": false,
            "nonEkoProduct": false,
            "precautionaryStatements": [],
            "hazards": [],
            "tobaccoProduct": false,
            "showGoodPriceIcon": false,
            "labels": [
                "swan",
                "environmental_facet"
            ],
            "seoDescription": "",
            "seoTitle": "",
            "manufacturer": "Eldorado",
            "incrementValue": 1.0,
            "productBasketType": {
                "code": "ST",
                "type": "ProductBasketTypeEnum"
            },
            "bargainProduct": false,
            "addToCartMessage": "",
            "thumbnail": {
                "imageType": "PRIMARY",
                "format": "thumbnail",
                "url": "https://assets.axfood.se/image/upload/f_auto,t_100/07340083473302_C1L1_s01",
                "altText": null,
                "galleryIndex": null,
                "width": null
            },
            "outOfStock": false,
            "online": true,
            "displayVolume": "15m",
            "addToCartDisabled": false,
            "name": "Smörgåspapper",
            "code": "101288706_ST"
        },
        {
            "potentialPromotions": [
                {
                    "threshold": null,
                    "applied": false,
                    "campaignType": "GENERAL",
                    "offerStatus": null,
                    "productCodes": [
                        "100214359_ST",
                        "101224305_ST"
                    ],
                    "promotionTheme": {
                        "code": "Z083",
                        "visible": null
                    },
                    "textLabelGenerated": "",
                    "textLabelManual": "Gäller endast online",
                    "lowestHistoricalPrice": null,
                    "price": {
                        "currencyIso": "SEK",
                        "value": 21.0,
                        "priceType": "BUY",
                        "formattedValue": "21,00 kr",
                        "minQuantity": null,
                        "maxQuantity": null
                    },
                    "promotionType": "MixMatchPricePromotion",
                    "conditionLabel": "2 för",
                    "rewardLabel": "42 kr",
                    "textLabel": "Gäller endast online",
                    "redeemLimitLabel": "",
                    "cartLabel": null,
                    "validUntil": null,
                    "timesUsed": null,
                    "qualifyingCount": 2,
                    "comparePrice": "34,03 kr",
                    "splashTitleText": "Kampanj",
                    "realMixAndMatch": true,
                    "mainProductCode": "100214359_ST",
                    "conditionLabelFormatted": "",
                    "promotionRedeemLimit": null,
                    "promotionPercentage": null,
                    "cartLabelFormatted": "",
                    "priority": 508,
                    "code": "10009465617"
                }
            ],
            "inactivePotentialPromotions": [],
            "priceValue": 23.95,
            "price": "23,95 kr",
            "image": {
                "imageType": "PRIMARY",
                "format": "product",
                "url": "https://assets.axfood.se/image/upload/f_auto,t_200/07311041040485_C1N1_s01",
                "altText": null,
                "galleryIndex": null,
                "width": null
            },
            "ranking": 350.911089926645,
            "depositPrice": "",
            "averageWeight": null,
            "comparePrice": "38,82 kr",
            "comparePriceUnit": "kg",
            "isDrugProduct": false,
            "solrSearchScore": 0.7614262700080872,
            "energyDeclaration": null,
            "newsSplashProduct": false,
            "notAllowedB2b": false,
            "notAllowedAnonymous": false,
            "productLine2": "ELDORADO, 8p",
            "pickupProductLine2": "ELDORADO, 8p",
            "priceUnit": "kr/st",
            "priceNoUnit": "23,95",
            "savingsAmount": 5.9,
            "googleAnalyticsCategory": "hem-och-hushall|toalett-och-hushallspapper|toalettpapper",
            "gdprTrackingIncompliant": false,
            "nicotineMedicalProduct": false,
            "tobaccoFreeNicotineProduct": false,
            "nonEkoProduct": false,
            "precautionaryStatements": [],
            "hazards": [],
            "tobaccoProduct": false,
            "showGoodPriceIcon": false,
            "labels": [
                "swan",
                "environmental_facet"
            ],
            "seoDescription": "",
            "seoTitle": "",
            "manufacturer": "Eldorado",
            "incrementValue": 1.0,
            "productBasketType": {
                "code": "ST",
                "type": "ProductBasketTypeEnum"
            },
            "bargainProduct": false,
            "addToCartMessage": "",
            "thumbnail": {
                "imageType": "PRIMARY",
                "format": "thumbnail",
                "url": "https://assets.axfood.se/image/upload/f_auto,t_100/07311041040485_C1N1_s01",
                "altText": null,
                "galleryIndex": null,
                "width": null
            },
            "outOfStock": false,
            "online": true,
            "displayVolume": "8p",
            "addToCartDisabled": false,
            "name": "Toalettpapper 100% Returpapper",
            "code": "100214359_ST"
        },
        {
            "potentialPromotions": [
                {
                    "threshold": null,
                    "applied": false,
                    "campaignType": "GENERAL",
                    "offerStatus": null,
                    "productCodes": [
                        "101260053_ST"
                    ],
                    "promotionTheme": {
                        "code": "Z083",
                        "visible": null
                    },
                    "textLabelGenerated": "",
                    "textLabelManual": "Gäller endast online",
                    "lowestHistoricalPrice": null,
                    "price": {
                        "currencyIso": "SEK",
                        "value": 20.0,
                        "priceType": "BUY",
                        "formattedValue": "20,00 kr",
                        "minQuantity": null,
                        "maxQuantity": null
                    },
                    "promotionType": "MixMatchPricePromotion",
                    "conditionLabel": "2 för",
                    "rewardLabel": "40 kr",
                    "textLabel": "Gäller endast online",
                    "redeemLimitLabel": "",
                    "cartLabel": null,
                    "validUntil": null,
                    "timesUsed": null,
                    "qualifyingCount": 2,
                    "comparePrice": "1 428,57 kr",
                    "splashTitleText": "Kampanj",
                    "realMixAndMatch": false,
                    "mainProductCode": "101260053_ST",
                    "conditionLabelFormatted": "",
                    "promotionRedeemLimit": null,
                    "promotionPercentage": null,
                    "cartLabelFormatted": "",
                    "priority": 508,
                    "code": "10009465616"
                }
            ],
            "inactivePotentialPromotions": [],
            "priceValue": 21.95,
            "price": "21,95 kr",
            "image": {
                "imageType": "PRIMARY",
                "format": "product",
                "url": "https://assets.axfood.se/image/upload/f_auto,t_200/07611612100472_C1N1_s01",
                "altText": null,
                "galleryIndex": null,
                "width": null
            },
            "ranking": 350.9110899233682,
            "depositPrice": "",
            "averageWeight": null,
            "comparePrice": "1 567,86 kr",
            "comparePriceUnit": "kg",
            "isDrugProduct": false,
            "solrSearchScore": 0.7614262700080872,
            "energyDeclaration": null,
            "newsSplashProduct": false,
            "notAllowedB2b": false,
            "notAllowedAnonymous": false,
            "productLine2": "SPICEFIELD, 14g",
            "pickupProductLine2": "SPICEFIELD, 14g",
            "priceUnit": "kr/st",
            "priceNoUnit": "21,95",
            "savingsAmount": 3.9,
            "googleAnalyticsCategory": "skafferi|asien|sushitillbehor",
            "gdprTrackingIncompliant": false,
            "nicotineMedicalProduct": false,
            "tobaccoFreeNicotineProduct": false,
            "nonEkoProduct": false,
            "precautionaryStatements": [],
            "hazards": [],
            "tobaccoProduct": false,
            "showGoodPriceIcon": false,
            "labels": [],
            "seoDescription": "",
            "seoTitle": "",
            "manufacturer": "Spicefield",
            "incrementValue": 1.0,
            "productBasketType": {
                "code": "ST",
                "type": "ProductBasketTypeEnum"
            },
            "bargainProduct": false,
            "addToCartMessage": "",
            "thumbnail": {
                "imageType": "PRIMARY",
                "format": "thumbnail",
                "url": "https://assets.axfood.se/image/upload/f_auto,t_100/07611612100472_C1N1_s01",
                "altText": null,
                "galleryIndex": null,
                "width": null
            },
            "outOfStock": false,
            "online": true,
            "displayVolume": "14g",
            "addToCartDisabled": false,
            "name": "Sushi Nori Roasted Seeweed",
            "code": "101260053_ST"
        },
        {
            "potentialPromotions": [
                {
                    "threshold": null,
                    "applied": false,
                    "campaignType": "GENERAL",
                    "offerStatus": null,
                    "productCodes": [
                        "101499709_ST"
                    ],
                    "promotionTheme": {
                        "code": "Z083",
                        "visible": null
                    },
                    "textLabelGenerated": "",
                    "textLabelManual": "Gäller endast online",
                    "lowestHistoricalPrice": null,
                    "price": {
                        "currencyIso": "SEK",
                        "value": 20.0,
                        "priceType": "BUY",
                        "formattedValue": "20,00 kr",
                        "minQuantity": null,
                        "maxQuantity": null
                    },
                    "promotionType": "MixMatchPricePromotion",
                    "conditionLabel": "2 för",
                    "rewardLabel": "40 kr",
                    "textLabel": "Gäller endast online",
                    "redeemLimitLabel": "",
                    "cartLabel": null,
                    "validUntil": null,
                    "timesUsed": null,
                    "qualifyingCount": 2,
                    "comparePrice": "0,62 kr",
                    "splashTitleText": "Kampanj",
                    "realMixAndMatch": false,
                    "mainProductCode": "101499709_ST",
                    "conditionLabelFormatted": "",
                    "promotionRedeemLimit": null,
                    "promotionPercentage": null,
                    "cartLabelFormatted": "",
                    "priority": 508,
                    "code": "10009465615"
                }
            ],
            "inactivePotentialPromotions": [],
            "priceValue": 21.95,
            "price": "21,95 kr",
            "image": {
                "imageType": "PRIMARY",
                "format": "product",
                "url": "https://assets.axfood.se/image/upload/f_auto,t_200/07311043003389_C1L1_s01",
                "altText": null,
                "galleryIndex": null,
                "width": null
            },
            "ranking": 350.9110899200914,
            "depositPrice": "",
            "averageWeight": null,
            "comparePrice": "0,68 kr",
            "comparePriceUnit": "st",
            "isDrugProduct": false,
            "solrSearchScore": 0.7614262700080872,
            "energyDeclaration": null,
            "newsSplashProduct": false,
            "notAllowedB2b": false,
            "notAllowedAnonymous": false,
            "productLine2": "FIXA, 32p",
            "pickupProductLine2": "FIXA, 32p",
            "priceUnit": "kr/st",
            "priceNoUnit": "21,95",
            "savingsAmount": 3.9,
            "googleAnalyticsCategory": "hem-och-hushall|hem-och-inredning|matforvaring",
            "gdprTrackingIncompliant": false,
            "nicotineMedicalProduct": false,
            "tobaccoFreeNicotineProduct": false,
            "nonEkoProduct": false,
            "precautionaryStatements": [],
            "hazards": [],
            "tobaccoProduct": false,
            "showGoodPriceIcon": false,
            "labels": [
                "swan",
                "environmental_facet"
            ],
            "seoDescription": "",
            "seoTitle": "",
            "manufacturer": "Fixa",
            "incrementValue": 1.0,
            "productBasketType": {
                "code": "ST",
                "type": "ProductBasketTypeEnum"
            },
            "bargainProduct": false,
            "addToCartMessage": "",
            "thumbnail": {
                "imageType": "PRIMARY",
                "format": "thumbnail",
                "url": "https://assets.axfood.se/image/upload/f_auto,t_100/07311043003389_C1L1_s01",
                "altText": null,
                "galleryIndex": null,
                "width": null
            },
            "outOfStock": false,
            "online": true,
            "displayVolume": "32p",
            "addToCartDisabled": false,
            "name": "Muffinsformar",
            "code": "101499709_ST"
        },
        {
            "potentialPromotions": [
                {
                    "threshold": null,
                    "applied": false,
                    "campaignType": "GENERAL",
                    "offerStatus": null,
                    "productCodes": [
                        "101194178_ST"
                    ],
                    "promotionTheme": {
                        "code": "Z083",
                        "visible": null
                    },
                    "textLabelGenerated": "",
                    "textLabelManual": "Gäller endast online",
                    "lowestHistoricalPrice": null,
                    "price": {
                        "currencyIso": "SEK",
                        "value": 20.0,
                        "priceType": "BUY",
                        "formattedValue": "20,00 kr",
                        "minQuantity": null,
                        "maxQuantity": null
                    },
                    "promotionType": "MixMatchPricePromotion",
                    "conditionLabel": "2 för",
                    "rewardLabel": "40 kr",
                    "textLabel": "Gäller endast online",
                    "redeemLimitLabel": "",
                    "cartLabel": null,
                    "validUntil": null,
                    "timesUsed": null,
                    "qualifyingCount": 2,
                    "comparePrice": "222,22 kr",
                    "splashTitleText": "Kampanj",
                    "realMixAndMatch": false,
                    "mainProductCode": "101194178_ST",
                    "conditionLabelFormatted": "",
                    "promotionRedeemLimit": null,
                    "promotionPercentage": null,
                    "cartLabelFormatted": "",
                    "priority": 508,
                    "code": "10009465614"
                }
            ],
            "inactivePotentialPromotions": [],
            "priceValue": 21.95,
            "price": "21,95 kr",
            "image": {
                "imageType": "PRIMARY",
                "format": "product",
                "url": "https://assets.axfood.se/image/upload/f_auto,t_200/07340083401794_C1C1_s02",
                "altText": null,
                "galleryIndex": null,
                "width": null
            },
            "ranking": 350.9110899168146,
            "depositPrice": "",
            "averageWeight": null,
            "comparePrice": "243,89 kr",
            "comparePriceUnit": "kg",
            "isDrugProduct": false,
            "solrSearchScore": 0.7614262700080872,
            "energyDeclaration": null,
            "newsSplashProduct": false,
            "notAllowedB2b": false,
            "notAllowedAnonymous": false,
            "productLine2": "GARANT, 90g",
            "pickupProductLine2": "GARANT, 90g",
            "priceUnit": "kr/st",
            "priceNoUnit": "21,95",
            "savingsAmount": 3.9,
            "googleAnalyticsCategory": "barn|barnsnacks",
            "gdprTrackingIncompliant": false,
            "nicotineMedicalProduct": false,
            "tobaccoFreeNicotineProduct": false,
            "nonEkoProduct": false,
            "precautionaryStatements": [],
            "hazards": [],
            "tobaccoProduct": false,
            "showGoodPriceIcon": false,
            "labels": [],
            "seoDescription": "",
            "seoTitle": "",
            "manufacturer": "Garant",
            "incrementValue": 1.0,
            "productBasketType": {
                "code": "ST",
                "type": "ProductBasketTypeEnum"
            },
            "bargainProduct": false,
            "addToCartMessage": "",
            "thumbnail": {
                "imageType": "PRIMARY",
                "format": "thumbnail",
                "url": "https://assets.axfood.se/image/upload/f_auto,t_100/07340083401794_C1C1_s02",
                "altText": null,
                "galleryIndex": null,
                "width": null
            },
            "outOfStock": false,
            "online": true,
            "displayVolume": "90g",
            "addToCartDisabled": false,
            "name": "Majskorvar Krispiga Glutenfria",
            "code": "101194178_ST"
        },
        {
            "potentialPromotions": [
                {
                    "threshold": null,
                    "applied": false,
                    "campaignType": "GENERAL",
                    "offerStatus": null,
                    "productCodes": [
                        "101443564_ST",
                        "101443565_ST",
                        "101443566_ST",
                        "101554116_ST"
                    ],
                    "promotionTheme": {
                        "code": "Z083",
                        "visible": null
                    },
                    "textLabelGenerated": "",
                    "textLabelManual": "Gäller endast online",
                    "lowestHistoricalPrice": null,
                    "price": {
                        "currencyIso": "SEK",
                        "value": 20.0,
                        "priceType": "BUY",
                        "formattedValue": "20,00 kr",
                        "minQuantity": null,
                        "maxQuantity": null
                    },
                    "promotionType": "MixMatchPricePromotion",
                    "conditionLabel": "2 för",
                    "rewardLabel": "40 kr",
                    "textLabel": "Gäller endast online",
                    "redeemLimitLabel": "",
                    "cartLabel": null,
                    "validUntil": null,
                    "timesUsed": null,
                    "qualifyingCount": 2,
                    "comparePrice": "40,00 kr",
                    "splashTitleText": "Kampanj",
                    "realMixAndMatch": true,
                    "mainProductCode": "101443564_ST",
                    "conditionLabelFormatted": "",
                    "promotionRedeemLimit": null,
                    "promotionPercentage": null,
                    "cartLabelFormatted": "",
                    "priority": 508,
                    "code": "10009465613"
                }
            ],
            "inactivePotentialPromotions": [],
            "priceValue": 22.95,
            "price": "22,95 kr",
            "image": {
                "imageType": "PRIMARY",
                "format": "product",
                "url": "https://assets.axfood.se/image/upload/f_auto,t_200/07311043000777_C1N1_s01",
                "altText": null,
                "galleryIndex": null,
                "width": null
            },
            "ranking": 350.9110899135378,
            "depositPrice": "",
            "averageWeight": null,
            "comparePrice": "45,90 kr",
            "comparePriceUnit": "l",
            "isDrugProduct": false,
            "solrSearchScore": 0.7614262700080872,
            "energyDeclaration": null,
            "newsSplashProduct": false,
            "notAllowedB2b": false,
            "notAllowedAnonymous": false,
            "productLine2": "MEVOLUTION, 500ml",
            "pickupProductLine2": "MEVOLUTION, 500ml",
            "priceUnit": "kr/st",
            "priceNoUnit": "22,95",
            "savingsAmount": 5.9,
            "googleAnalyticsCategory": "halsa-och-skonhet|kroppsvard|tval",
            "gdprTrackingIncompliant": false,
            "nicotineMedicalProduct": false,
            "tobaccoFreeNicotineProduct": false,
            "nonEkoProduct": false,
            "precautionaryStatements": [],
            "hazards": [],
            "tobaccoProduct": false,
            "showGoodPriceIcon": false,
            "labels": [],
            "seoDescription": "",
            "seoTitle": "",
            "manufacturer": "Mevolution",
            "incrementValue": 1.0,
            "productBasketType": {
                "code": "ST",
                "type": "ProductBasketTypeEnum"
            },
            "bargainProduct": false,
            "addToCartMessage": "",
            "thumbnail": {
                "imageType": "PRIMARY",
                "format": "thumbnail",
                "url": "https://assets.axfood.se/image/upload/f_auto,t_100/07311043000777_C1N1_s01",
                "altText": null,
                "galleryIndex": null,
                "width": null
            },
            "outOfStock": false,
            "online": true,
            "displayVolume": "500ml",
            "addToCartDisabled": false,
            "name": "Loco About Coco Flytande Handtvål",
            "code": "101443564_ST"
        },
        {
            "potentialPromotions": [
                {
                    "threshold": null,
                    "applied": false,
                    "campaignType": "GENERAL",
                    "offerStatus": null,
                    "productCodes": [
                        "101294972_ST",
                        "101294973_ST",
                        "101294974_ST",
                        "101294975_ST"
                    ],
                    "promotionTheme": {
                        "code": "Z083",
                        "visible": null
                    },
                    "textLabelGenerated": "",
                    "textLabelManual": "Gäller endast online",
                    "lowestHistoricalPrice": null,
                    "price": {
                        "currencyIso": "SEK",
                        "value": 19.5,
                        "priceType": "BUY",
                        "formattedValue": "19,50 kr",
                        "minQuantity": null,
                        "maxQuantity": null
                    },
                    "promotionType": "MixMatchPricePromotion",
                    "conditionLabel": "2 för",
                    "rewardLabel": "39 kr",
                    "textLabel": "Gäller endast online",
                    "redeemLimitLabel": "",
                    "cartLabel": null,
                    "validUntil": null,
                    "timesUsed": null,
                    "qualifyingCount": 2,
                    "comparePrice": "0,49 kr",
                    "splashTitleText": "Kampanj",
                    "realMixAndMatch": true,
                    "mainProductCode": "101294972_ST",
                    "conditionLabelFormatted": "",
                    "promotionRedeemLimit": null,
                    "promotionPercentage": null,
                    "cartLabelFormatted": "",
                    "priority": 508,
                    "code": "10009465612"
                }
            ],
            "inactivePotentialPromotions": [],
            "priceValue": 22.95,
            "price": "22,95 kr",
            "image": {
                "imageType": "PRIMARY",
                "format": "product",
                "url": "https://assets.axfood.se/image/upload/f_auto,t_200/07340083476051_C1N1_s01",
                "altText": null,
                "galleryIndex": null,
                "width": null
            },
            "ranking": 350.911089910261,
            "depositPrice": "",
            "averageWeight": null,
            "comparePrice": "0,57 kr",
            "comparePriceUnit": "st",
            "isDrugProduct": false,
            "solrSearchScore": 0.7614262700080872,
            "energyDeclaration": null,
            "newsSplashProduct": false,
            "notAllowedB2b": false,
            "notAllowedAnonymous": false,
            "productLine2": "ELDORADO, 40p",
            "pickupProductLine2": "ELDORADO, 40p",
            "priceUnit": "kr/st",
            "priceNoUnit": "22,95",
            "savingsAmount": 6.9,
            "googleAnalyticsCategory": "hem-och-hushall|engangsartiklar",
            "gdprTrackingIncompliant": false,
            "nicotineMedicalProduct": false,
            "tobaccoFreeNicotineProduct": false,
            "nonEkoProduct": false,
            "precautionaryStatements": [],
            "hazards": [],
            "tobaccoProduct": false,
            "showGoodPriceIcon": false,
            "labels": [],
            "seoDescription": "",
            "seoTitle": "",
            "manufacturer": "Eldorado",
            "incrementValue": 1.0,
            "productBasketType": {
                "code": "ST",
                "type": "ProductBasketTypeEnum"
            },
            "bargainProduct": false,
            "addToCartMessage": "",
            "thumbnail": {
                "imageType": "PRIMARY",
                "format": "thumbnail",
                "url": "https://assets.axfood.se/image/upload/f_auto,t_100/07340083476051_C1N1_s01",
                "altText": null,
                "galleryIndex": null,
                "width": null
            },
            "outOfStock": false,
            "online": true,
            "displayVolume": "40p",
            "addToCartDisabled": false,
            "name": "Kniv Trä",
            "code": "101294972_ST"
        },
        {
            "potentialPromotions": [
                {
                    "threshold": null,
                    "applied": false,
                    "campaignType": "GENERAL",
                    "offerStatus": null,
                    "productCodes": [
                        "101279946_ST",
                        "101279947_ST",
                        "101279988_ST"
                    ],
                    "promotionTheme": {
                        "code": "Z083",
                        "visible": null
                    },
                    "textLabelGenerated": "",
                    "textLabelManual": "Gäller endast online",
                    "lowestHistoricalPrice": null,
                    "price": {
                        "currencyIso": "SEK",
                        "value": 17.5,
                        "priceType": "BUY",
                        "formattedValue": "17,50 kr",
                        "minQuantity": null,
                        "maxQuantity": null
                    },
                    "promotionType": "MixMatchPricePromotion",
                    "conditionLabel": "2 för",
                    "rewardLabel": "35 kr",
                    "textLabel": "Gäller endast online",
                    "redeemLimitLabel": "",
                    "cartLabel": null,
                    "validUntil": null,
                    "timesUsed": null,
                    "qualifyingCount": 2,
                    "comparePrice": "58,33 kr",
                    "splashTitleText": "Kampanj",
                    "realMixAndMatch": true,
                    "mainProductCode": "101279946_ST",
                    "conditionLabelFormatted": "",
                    "promotionRedeemLimit": null,
                    "promotionPercentage": null,
                    "cartLabelFormatted": "",
                    "priority": 508,
                    "code": "10009465611"
                }
            ],
            "inactivePotentialPromotions": [],
            "priceValue": 19.95,
            "price": "19,95 kr",
            "image": {
                "imageType": "PRIMARY",
                "format": "product",
                "url": "https://assets.axfood.se/image/upload/f_auto,t_200/07340083466793_C1C1_s01",
                "altText": null,
                "galleryIndex": null,
                "width": null
            },
            "ranking": 350.9110899069842,
            "depositPrice": "",
            "averageWeight": null,
            "comparePrice": "66,50 kr",
            "comparePriceUnit": "kg",
            "isDrugProduct": false,
            "solrSearchScore": 0.7614262700080872,
            "energyDeclaration": null,
            "newsSplashProduct": false,
            "notAllowedB2b": false,
            "notAllowedAnonymous": false,
            "productLine2": "GARANT, 300g",
            "pickupProductLine2": "GARANT, 300g",
            "priceUnit": "kr/st",
            "priceNoUnit": "19,95",
            "savingsAmount": 4.9,
            "googleAnalyticsCategory": "skafferi|texmex|kryddmixer-och-saser",
            "gdprTrackingIncompliant": false,
            "nicotineMedicalProduct": false,
            "tobaccoFreeNicotineProduct": false,
            "nonEkoProduct": false,
            "precautionaryStatements": [],
            "hazards": [],
            "tobaccoProduct": false,
            "showGoodPriceIcon": false,
            "labels": [],
            "seoDescription": "",
            "seoTitle": "",
            "manufacturer": "Garant",
            "incrementValue": 1.0,
            "productBasketType": {
                "code": "ST",
                "type": "ProductBasketTypeEnum"
            },
            "bargainProduct": false,
            "addToCartMessage": "",
            "thumbnail": {
                "imageType": "PRIMARY",
                "format": "thumbnail",
                "url": "https://assets.axfood.se/image/upload/f_auto,t_100/07340083466793_C1C1_s01",
                "altText": null,
                "galleryIndex": null,
                "width": null
            },
            "outOfStock": false,
            "online": true,
            "displayVolume": "300g",
            "addToCartDisabled": false,
            "name": "Salsa Mild",
            "code": "101279946_ST"
        },
        {
            "potentialPromotions": [
                {
                    "threshold": null,
                    "applied": false,
                    "campaignType": "GENERAL",
                    "offerStatus": null,
                    "productCodes": [
                        "101405034_ST",
                        "101405035_ST"
                    ],
                    "promotionTheme": {
                        "code": "Z083",
                        "visible": null
                    },
                    "textLabelGenerated": "",
                    "textLabelManual": "Gäller endast online",
                    "lowestHistoricalPrice": null,
                    "price": {
                        "currencyIso": "SEK",
                        "value": 16.0,
                        "priceType": "BUY",
                        "formattedValue": "16,00 kr",
                        "minQuantity": null,
                        "maxQuantity": null
                    },
                    "promotionType": "MixMatchPricePromotion",
                    "conditionLabel": "2 för",
                    "rewardLabel": "32 kr",
                    "textLabel": "Gäller endast online",
                    "redeemLimitLabel": "",
                    "cartLabel": null,
                    "validUntil": null,
                    "timesUsed": null,
                    "qualifyingCount": 2,
                    "comparePrice": "1,00 kr",
                    "splashTitleText": "Kampanj",
                    "realMixAndMatch": true,
                    "mainProductCode": "101405034_ST",
                    "conditionLabelFormatted": "",
                    "promotionRedeemLimit": null,
                    "promotionPercentage": null,
                    "cartLabelFormatted": "",
                    "priority": 508,
                    "code": "10009465610"
                }
            ],
            "inactivePotentialPromotions": [],
            "priceValue": 19.95,
            "price": "19,95 kr",
            "image": {
                "imageType": "PRIMARY",
                "format": "product",
                "url": "https://assets.axfood.se/image/upload/f_auto,t_200/07340083496813_C1N1_s01",
                "altText": null,
                "galleryIndex": null,
                "width": null
            },
            "ranking": 350.9110899037074,
            "depositPrice": "",
            "averageWeight": null,
            "comparePrice": "1,25 kr",
            "comparePriceUnit": "st",
            "isDrugProduct": false,
            "solrSearchScore": 0.7614262700080872,
            "energyDeclaration": null,
            "newsSplashProduct": false,
            "notAllowedB2b": false,
            "notAllowedAnonymous": false,
            "productLine2": "FIXA, 16p",
            "pickupProductLine2": "FIXA, 16p",
            "priceUnit": "kr/st",
            "priceNoUnit": "19,95",
            "savingsAmount": 7.9,
            "googleAnalyticsCategory": "hem-och-hushall|klader|ovrigt-klader",
            "gdprTrackingIncompliant": false,
            "nicotineMedicalProduct": false,
            "tobaccoFreeNicotineProduct": false,
            "nonEkoProduct": false,
            "precautionaryStatements": [],
            "hazards": [],
            "tobaccoProduct": false,
            "showGoodPriceIcon": false,
            "labels": [],
            "seoDescription": "",
            "seoTitle": "",
            "manufacturer": "Fixa",
            "incrementValue": 1.0,
            "productBasketType": {
                "code": "ST",
                "type": "ProductBasketTypeEnum"
            },
            "bargainProduct": false,
            "addToCartMessage": "",
            "thumbnail": {
                "imageType": "PRIMARY",
                "format": "thumbnail",
                "url": "https://assets.axfood.se/image/upload/f_auto,t_100/07340083496813_C1N1_s01",
                "altText": null,
                "galleryIndex": null,
                "width": null
            },
            "outOfStock": false,
            "online": true,
            "displayVolume": "16p",
            "addToCartDisabled": false,
            "name": "Möbeltassar 22mm",
            "code": "101405034_ST"
        },
        {
            "potentialPromotions": [
                {
                    "threshold": null,
                    "applied": false,
                    "campaignType": "GENERAL",
                    "offerStatus": null,
                    "productCodes": [
                        "101426024_ST"
                    ],
                    "promotionTheme": {
                        "code": "Z083",
                        "visible": null
                    },
                    "textLabelGenerated": "",
                    "textLabelManual": "Gäller endast online",
                    "lowestHistoricalPrice": null,
                    "price": {
                        "currencyIso": "SEK",
                        "value": 15.0,
                        "priceType": "BUY",
                        "formattedValue": "15,00 kr",
                        "minQuantity": null,
                        "maxQuantity": null
                    },
                    "promotionType": "MixMatchPricePromotion",
                    "conditionLabel": "2 för",
                    "rewardLabel": "30 kr",
                    "textLabel": "Gäller endast online",
                    "redeemLimitLabel": "",
                    "cartLabel": null,
                    "validUntil": null,
                    "timesUsed": null,
                    "qualifyingCount": 2,
                    "comparePrice": "30,00 kr",
                    "splashTitleText": "Kampanj",
                    "realMixAndMatch": false,
                    "mainProductCode": "101426024_ST",
                    "conditionLabelFormatted": "",
                    "promotionRedeemLimit": null,
                    "promotionPercentage": null,
                    "cartLabelFormatted": "",
                    "priority": 508,
                    "code": "10009465609"
                }
            ],
            "inactivePotentialPromotions": [],
            "priceValue": 19.95,
            "price": "19,95 kr",
            "image": {
                "imageType": "PRIMARY",
                "format": "product",
                "url": "https://assets.axfood.se/image/upload/f_auto,t_200/07340083498626_C1N1_s01",
                "altText": null,
                "galleryIndex": null,
                "width": null
            },
            "ranking": 350.9110899004306,
            "depositPrice": "",
            "averageWeight": null,
            "comparePrice": "39,90 kr",
            "comparePriceUnit": "l",
            "isDrugProduct": false,
            "solrSearchScore": 0.7614262700080872,
            "energyDeclaration": null,
            "newsSplashProduct": false,
            "notAllowedB2b": false,
            "notAllowedAnonymous": false,
            "productLine2": "GARANT, 500ml",
            "pickupProductLine2": "GARANT, 500ml",
            "priceUnit": "kr/st",
            "priceNoUnit": "19,95",
            "savingsAmount": 9.9,
            "googleAnalyticsCategory": "skafferi|olja-och-vinager|attika-och-vinager",
            "gdprTrackingIncompliant": false,
            "nicotineMedicalProduct": false,
            "tobaccoFreeNicotineProduct": false,
            "nonEkoProduct": false,
            "precautionaryStatements": [],
            "hazards": [],
            "tobaccoProduct": false,
            "showGoodPriceIcon": false,
            "labels": [
                "no_pictogram"
            ],
            "seoDescription": "",
            "seoTitle": "",
            "manufacturer": "Garant",
            "incrementValue": 1.0,
            "productBasketType": {
                "code": "ST",
                "type": "ProductBasketTypeEnum"
            },
            "bargainProduct": false,
            "addToCartMessage": "",
            "thumbnail": {
                "imageType": "PRIMARY",
                "format": "thumbnail",
                "url": "https://assets.axfood.se/image/upload/f_auto,t_100/07340083498626_C1N1_s01",
                "altText": null,
                "galleryIndex": null,
                "width": null
            },
            "outOfStock": false,
            "online": true,
            "displayVolume": "500ml",
            "addToCartDisabled": false,
            "name": "Ättika 24% 24%",
            "code": "101426024_ST"
        },
        {
            "potentialPromotions": [
                {
                    "threshold": null,
                    "applied": false,
                    "campaignType": "GENERAL",
                    "offerStatus": null,
                    "productCodes": [
                        "101435775_ST"
                    ],
                    "promotionTheme": {
                        "code": "Z083",
                        "visible": null
                    },
                    "textLabelGenerated": "",
                    "textLabelManual": "Gäller endast online",
                    "lowestHistoricalPrice": null,
                    "price": {
                        "currencyIso": "SEK",
                        "value": 15.0,
                        "priceType": "BUY",
                        "formattedValue": "15,00 kr",
                        "minQuantity": null,
                        "maxQuantity": null
                    },
                    "promotionType": "MixMatchPricePromotion",
                    "conditionLabel": "2 för",
                    "rewardLabel": "30 kr",
                    "textLabel": "Gäller endast online",
                    "redeemLimitLabel": "",
                    "cartLabel": null,
                    "validUntil": null,
                    "timesUsed": null,
                    "qualifyingCount": 2,
                    "comparePrice": "1,50 kr",
                    "splashTitleText": "Kampanj",
                    "realMixAndMatch": false,
                    "mainProductCode": "101435775_ST",
                    "conditionLabelFormatted": "",
                    "promotionRedeemLimit": null,
                    "promotionPercentage": null,
                    "cartLabelFormatted": "",
                    "priority": 508,
                    "code": "10009465608"
                }
            ],
            "inactivePotentialPromotions": [],
            "priceValue": 16.95,
            "price": "16,95 kr",
            "image": {
                "imageType": "PRIMARY",
                "format": "product",
                "url": "https://assets.axfood.se/image/upload/f_auto,t_200/07311043000432_C1L1_s02",
                "altText": null,
                "galleryIndex": null,
                "width": null
            },
            "ranking": 350.9110898971538,
            "depositPrice": "",
            "averageWeight": null,
            "comparePrice": "1,70 kr",
            "comparePriceUnit": "st",
            "isDrugProduct": false,
            "solrSearchScore": 0.7614262700080872,
            "energyDeclaration": null,
            "newsSplashProduct": false,
            "notAllowedB2b": false,
            "notAllowedAnonymous": false,
            "productLine2": "ELDORADO, 10p",
            "pickupProductLine2": "ELDORADO, 10p",
            "priceUnit": "kr/st",
            "priceNoUnit": "16,95",
            "savingsAmount": 3.9,
            "googleAnalyticsCategory": "halsa-och-skonhet|kroppsvard|nasdukar-och-bomull",
            "gdprTrackingIncompliant": false,
            "nicotineMedicalProduct": false,
            "tobaccoFreeNicotineProduct": false,
            "nonEkoProduct": false,
            "precautionaryStatements": [],
            "hazards": [],
            "tobaccoProduct": false,
            "showGoodPriceIcon": false,
            "labels": [
                "swan",
                "environmental_facet"
            ],
            "seoDescription": "",
            "seoTitle": "",
            "manufacturer": "Eldorado",
            "incrementValue": 1.0,
            "productBasketType": {
                "code": "ST",
                "type": "ProductBasketTypeEnum"
            },
            "bargainProduct": false,
            "addToCartMessage": "",
            "thumbnail": {
                "imageType": "PRIMARY",
                "format": "thumbnail",
                "url": "https://assets.axfood.se/image/upload/f_auto,t_100/07311043000432_C1L1_s02",
                "altText": null,
                "galleryIndex": null,
                "width": null
            },
            "outOfStock": false,
            "online": true,
            "displayVolume": "10p",
            "addToCartDisabled": false,
            "name": "Näsdukar",
            "code": "101435775_ST"
        },
        {
            "potentialPromotions": [
                {
                    "threshold": null,
                    "applied": false,
                    "campaignType": "GENERAL",
                    "offerStatus": null,
                    "productCodes": [
                        "100435085_ST",
                        "100435129_ST",
                        "100435138_ST",
                        "100435147_ST",
                        "100435156_ST",
                        "100435165_ST"
                    ],
                    "promotionTheme": {
                        "code": "Z083",
                        "visible": null
                    },
                    "textLabelGenerated": "",
                    "textLabelManual": "Gäller endast online",
                    "lowestHistoricalPrice": null,
                    "price": {
                        "currencyIso": "SEK",
                        "value": 15.0,
                        "priceType": "BUY",
                        "formattedValue": "15,00 kr",
                        "minQuantity": null,
                        "maxQuantity": null
                    },
                    "promotionType": "MixMatchPricePromotion",
                    "conditionLabel": "2 för",
                    "rewardLabel": "30 kr",
                    "textLabel": "Gäller endast online",
                    "redeemLimitLabel": "",
                    "cartLabel": null,
                    "validUntil": null,
                    "timesUsed": null,
                    "qualifyingCount": 2,
                    "comparePrice": "68,18 kr",
                    "splashTitleText": "Kampanj",
                    "realMixAndMatch": true,
                    "mainProductCode": "100435085_ST",
                    "conditionLabelFormatted": "",
                    "promotionRedeemLimit": null,
                    "promotionPercentage": null,
                    "cartLabelFormatted": "",
                    "priority": 508,
                    "code": "10009465606"
                }
            ],
            "inactivePotentialPromotions": [],
            "priceValue": 17.95,
            "price": "17,95 kr",
            "image": {
                "imageType": "PRIMARY",
                "format": "product",
                "url": "https://assets.axfood.se/image/upload/f_auto,t_200/07311041010518_C1N1_s01",
                "altText": null,
                "galleryIndex": null,
                "width": null
            },
            "ranking": 350.911089893877,
            "depositPrice": "",
            "averageWeight": null,
            "comparePrice": "81,59 kr",
            "comparePriceUnit": "kg",
            "isDrugProduct": false,
            "solrSearchScore": 0.7614262700080872,
            "energyDeclaration": null,
            "newsSplashProduct": false,
            "notAllowedB2b": false,
            "notAllowedAnonymous": false,
            "productLine2": "ELDORADO, 400/220g",
            "pickupProductLine2": "ELDORADO, 400/220g",
            "priceUnit": "kr/st",
            "priceNoUnit": "17,95",
            "savingsAmount": 5.9,
            "googleAnalyticsCategory": "skafferi|konserver-och-burkar|inlagda-gronsaker",
            "gdprTrackingIncompliant": false,
            "nicotineMedicalProduct": false,
            "tobaccoFreeNicotineProduct": false,
            "nonEkoProduct": false,
            "precautionaryStatements": [],
            "hazards": [],
            "tobaccoProduct": false,
            "showGoodPriceIcon": false,
            "labels": [],
            "seoDescription": "",
            "seoTitle": "",
            "manufacturer": "Eldorado",
            "incrementValue": 1.0,
            "productBasketType": {
                "code": "ST",
                "type": "ProductBasketTypeEnum"
            },
            "bargainProduct": false,
            "addToCartMessage": "",
            "thumbnail": {
                "imageType": "PRIMARY",
                "format": "thumbnail",
                "url": "https://assets.axfood.se/image/upload/f_auto,t_100/07311041010518_C1N1_s01",
                "altText": null,
                "galleryIndex": null,
                "width": null
            },
            "outOfStock": false,
            "online": true,
            "displayVolume": "400/220g",
            "addToCartDisabled": false,
            "name": "Gröna Bönor Skurna",
            "code": "100435085_ST"
        },
        {
            "potentialPromotions": [
                {
                    "threshold": null,
                    "applied": false,
                    "campaignType": "GENERAL",
                    "offerStatus": null,
                    "productCodes": [
                        "101342440_ST",
                        "101342441_ST"
                    ],
                    "promotionTheme": {
                        "code": "Z083",
                        "visible": null
                    },
                    "textLabelGenerated": "",
                    "textLabelManual": "Gäller endast online",
                    "lowestHistoricalPrice": null,
                    "price": {
                        "currencyIso": "SEK",
                        "value": 14.0,
                        "priceType": "BUY",
                        "formattedValue": "14,00 kr",
                        "minQuantity": null,
                        "maxQuantity": null
                    },
                    "promotionType": "MixMatchPricePromotion",
                    "conditionLabel": "2 för",
                    "rewardLabel": "28 kr",
                    "textLabel": "Gäller endast online",
                    "redeemLimitLabel": "",
                    "cartLabel": null,
                    "validUntil": null,
                    "timesUsed": null,
                    "qualifyingCount": 2,
                    "comparePrice": "28,00 kr",
                    "splashTitleText": "Kampanj",
                    "realMixAndMatch": true,
                    "mainProductCode": "101342439_ST",
                    "conditionLabelFormatted": "",
                    "promotionRedeemLimit": null,
                    "promotionPercentage": null,
                    "cartLabelFormatted": "",
                    "priority": 508,
                    "code": "10009465605"
                }
            ],
            "inactivePotentialPromotions": [],
            "priceValue": 16.5,
            "price": "16,50 kr",
            "image": {
                "imageType": "PRIMARY",
                "format": "product",
                "url": "https://assets.axfood.se/image/upload/f_auto,t_200/07340083489624_C1N1_s02",
                "altText": null,
                "galleryIndex": null,
                "width": null
            },
            "ranking": 350.9110898906002,
            "depositPrice": "",
            "averageWeight": null,
            "comparePrice": "33,00 kr",
            "comparePriceUnit": "l",
            "isDrugProduct": false,
            "solrSearchScore": 0.7614262700080872,
            "energyDeclaration": null,
            "newsSplashProduct": false,
            "notAllowedB2b": false,
            "notAllowedAnonymous": false,
            "productLine2": "ELDORADO, 500ml",
            "pickupProductLine2": "ELDORADO, 500ml",
            "priceUnit": "kr/st",
            "priceNoUnit": "16,50",
            "savingsAmount": 5.0,
            "googleAnalyticsCategory": "halsa-och-skonhet|harvard|balsam-och-inpackningar",
            "gdprTrackingIncompliant": false,
            "nicotineMedicalProduct": false,
            "tobaccoFreeNicotineProduct": false,
            "nonEkoProduct": false,
            "precautionaryStatements": [],
            "hazards": [],
            "tobaccoProduct": false,
            "showGoodPriceIcon": false,
            "labels": [],
            "seoDescription": "",
            "seoTitle": "",
            "manufacturer": "Eldorado",
            "incrementValue": 1.0,
            "productBasketType": {
                "code": "ST",
                "type": "ProductBasketTypeEnum"
            },
            "bargainProduct": false,
            "addToCartMessage": "",
            "thumbnail": {
                "imageType": "PRIMARY",
                "format": "thumbnail",
                "url": "https://assets.axfood.se/image/upload/f_auto,t_100/07340083489624_C1N1_s02",
                "altText": null,
                "galleryIndex": null,
                "width": null
            },
            "outOfStock": false,
            "online": true,
            "displayVolume": "500ml",
            "addToCartDisabled": false,
            "name": "Normalt Balsam",
            "code": "101342440_ST"
        },
        {
            "potentialPromotions": [
                {
                    "threshold": null,
                    "applied": false,
                    "campaignType": "GENERAL",
                    "offerStatus": null,
                    "productCodes": [
                        "101543749_ST",
                        "101543750_ST",
                        "101543751_ST"
                    ],
                    "promotionTheme": {
                        "code": "Z083",
                        "visible": null
                    },
                    "textLabelGenerated": "",
                    "textLabelManual": "Gäller endast online",
                    "lowestHistoricalPrice": null,
                    "price": {
                        "currencyIso": "SEK",
                        "value": 12.5,
                        "priceType": "BUY",
                        "formattedValue": "12,50 kr",
                        "minQuantity": null,
                        "maxQuantity": null
                    },
                    "promotionType": "MixMatchPricePromotion",
                    "conditionLabel": "2 för",
                    "rewardLabel": "25 kr",
                    "textLabel": "Gäller endast online",
                    "redeemLimitLabel": "",
                    "cartLabel": null,
                    "validUntil": null,
                    "timesUsed": null,
                    "qualifyingCount": 2,
                    "comparePrice": "0,89 kr",
                    "splashTitleText": "Kampanj",
                    "realMixAndMatch": true,
                    "mainProductCode": "101543749_ST",
                    "conditionLabelFormatted": "",
                    "promotionRedeemLimit": null,
                    "promotionPercentage": null,
                    "cartLabelFormatted": "",
                    "priority": 508,
                    "code": "10009465604"
                }
            ],
            "inactivePotentialPromotions": [],
            "priceValue": 13.95,
            "price": "13,95 kr",
            "image": {
                "imageType": "PRIMARY",
                "format": "product",
                "url": "https://assets.axfood.se/image/upload/f_auto,t_200/07311043007080_C1N1_s01",
                "altText": null,
                "galleryIndex": null,
                "width": null
            },
            "ranking": 350.9110898873234,
            "depositPrice": "",
            "averageWeight": null,
            "comparePrice": "1,00 kr",
            "comparePriceUnit": "st",
            "isDrugProduct": false,
            "solrSearchScore": 0.7614262700080872,
            "energyDeclaration": null,
            "newsSplashProduct": false,
            "notAllowedB2b": false,
            "notAllowedAnonymous": false,
            "productLine2": "ELDORADO, 14p",
            "pickupProductLine2": "ELDORADO, 14p",
            "priceUnit": "kr/st",
            "priceNoUnit": "13,95",
            "savingsAmount": 2.9,
            "googleAnalyticsCategory": "halsa-och-skonhet|intimhygien|bindor",
            "gdprTrackingIncompliant": false,
            "nicotineMedicalProduct": false,
            "tobaccoFreeNicotineProduct": false,
            "nonEkoProduct": false,
            "precautionaryStatements": [],
            "hazards": [],
            "tobaccoProduct": false,
            "showGoodPriceIcon": false,
            "labels": [],
            "seoDescription": "",
            "seoTitle": "",
            "manufacturer": "Eldorado",
            "incrementValue": 1.0,
            "productBasketType": {
                "code": "ST",
                "type": "ProductBasketTypeEnum"
            },
            "bargainProduct": false,
            "addToCartMessage": "",
            "thumbnail": {
                "imageType": "PRIMARY",
                "format": "thumbnail",
                "url": "https://assets.axfood.se/image/upload/f_auto,t_100/07311043007080_C1N1_s01",
                "altText": null,
                "galleryIndex": null,
                "width": null
            },
            "outOfStock": false,
            "online": true,
            "displayVolume": "14p",
            "addToCartDisabled": false,
            "name": "Ultra Normal med Vingar Bindor",
            "code": "101543749_ST"
        },
        {
            "potentialPromotions": [
                {
                    "threshold": null,
                    "applied": false,
                    "campaignType": "GENERAL",
                    "offerStatus": null,
                    "productCodes": [
                        "101231268_ST",
                        "101280541_ST",
                        "101280542_ST"
                    ],
                    "promotionTheme": {
                        "code": "Z083",
                        "visible": null
                    },
                    "textLabelGenerated": "",
                    "textLabelManual": "Gäller endast online",
                    "lowestHistoricalPrice": null,
                    "price": {
                        "currencyIso": "SEK",
                        "value": 12.0,
                        "priceType": "BUY",
                        "formattedValue": "12,00 kr",
                        "minQuantity": null,
                        "maxQuantity": null
                    },
                    "promotionType": "MixMatchPricePromotion",
                    "conditionLabel": "2 för",
                    "rewardLabel": "24 kr",
                    "textLabel": "Gäller endast online",
                    "redeemLimitLabel": "",
                    "cartLabel": null,
                    "validUntil": null,
                    "timesUsed": null,
                    "qualifyingCount": 2,
                    "comparePrice": "0,12 kr",
                    "splashTitleText": "Kampanj",
                    "realMixAndMatch": true,
                    "mainProductCode": "101231268_ST",
                    "conditionLabelFormatted": "",
                    "promotionRedeemLimit": null,
                    "promotionPercentage": null,
                    "cartLabelFormatted": "",
                    "priority": 508,
                    "code": "10009465603"
                }
            ],
            "inactivePotentialPromotions": [],
            "priceValue": 13.5,
            "price": "13,50 kr",
            "image": {
                "imageType": "PRIMARY",
                "format": "product",
                "url": "https://assets.axfood.se/image/upload/f_auto,t_200/07340083442759_C1N1_s02",
                "altText": null,
                "galleryIndex": null,
                "width": null
            },
            "ranking": 350.9110898840466,
            "depositPrice": "",
            "averageWeight": null,
            "comparePrice": "0,14 kr",
            "comparePriceUnit": "st",
            "isDrugProduct": false,
            "solrSearchScore": 0.7614262700080872,
            "energyDeclaration": null,
            "newsSplashProduct": false,
            "notAllowedB2b": false,
            "notAllowedAnonymous": false,
            "productLine2": "ELDORADO, 100p",
            "pickupProductLine2": "ELDORADO, 100p",
            "priceUnit": "kr/st",
            "priceNoUnit": "13,50",
            "savingsAmount": 3.0,
            "googleAnalyticsCategory": "hem-och-hushall|hem-och-inredning|servetter-och-dukar",
            "gdprTrackingIncompliant": false,
            "nicotineMedicalProduct": false,
            "tobaccoFreeNicotineProduct": false,
            "nonEkoProduct": false,
            "precautionaryStatements": [],
            "hazards": [],
            "tobaccoProduct": false,
            "showGoodPriceIcon": false,
            "labels": [
                "swan",
                "environmental_facet"
            ],
            "seoDescription": "",
            "seoTitle": "",
            "manufacturer": "Eldorado",
            "incrementValue": 1.0,
            "productBasketType": {
                "code": "ST",
                "type": "ProductBasketTypeEnum"
            },
            "bargainProduct": false,
            "addToCartMessage": "",
            "thumbnail": {
                "imageType": "PRIMARY",
                "format": "thumbnail",
                "url": "https://assets.axfood.se/image/upload/f_auto,t_100/07340083442759_C1N1_s02",
                "altText": null,
                "galleryIndex": null,
                "width": null
            },
            "outOfStock": false,
            "online": true,
            "displayVolume": "100p",
            "addToCartDisabled": false,
            "name": "Servett Vit 1-lags",
            "code": "101231268_ST"
        },
        {
            "potentialPromotions": [
                {
                    "threshold": null,
                    "applied": false,
                    "campaignType": "GENERAL",
                    "offerStatus": null,
                    "productCodes": [
                        "100816306_ST"
                    ],
                    "promotionTheme": {
                        "code": "Z084",
                        "visible": null
                    },
                    "textLabelGenerated": "",
                    "textLabelManual": null,
                    "lowestHistoricalPrice": null,
                    "price": {
                        "currencyIso": "SEK",
                        "value": 15.0,
                        "priceType": "BUY",
                        "formattedValue": "15,00 kr",
                        "minQuantity": null,
                        "maxQuantity": null
                    },
                    "promotionType": "MixMatchPricePromotion",
                    "conditionLabel": "",
                    "rewardLabel": "15 kr",
                    "textLabel": "",
                    "redeemLimitLabel": "",
                    "cartLabel": null,
                    "validUntil": null,
                    "timesUsed": null,
                    "qualifyingCount": 1,
                    "comparePrice": "75,00 kr",
                    "splashTitleText": "",
                    "realMixAndMatch": false,
                    "mainProductCode": "100816306_ST",
                    "conditionLabelFormatted": "",
                    "promotionRedeemLimit": null,
                    "promotionPercentage": null,
                    "cartLabelFormatted": "",
                    "priority": 408,
                    "code": "2500278071"
                }
            ],
            "inactivePotentialPromotions": [],
            "priceValue": 19.95,
            "price": "19,95 kr",
            "image": {
                "imageType": "PRIMARY",
                "format": "product",
                "url": "https://assets.axfood.se/image/upload/f_auto,t_200/07311042001683_C1N1_s01",
                "altText": null,
                "galleryIndex": null,
                "width": null
            },
            "ranking": 340.9118404809618,
            "depositPrice": "",
            "averageWeight": null,
            "comparePrice": "99,75 kr",
            "comparePriceUnit": "kg",
            "isDrugProduct": false,
            "solrSearchScore": 0.7614262700080872,
            "energyDeclaration": null,
            "newsSplashProduct": false,
            "notAllowedB2b": false,
            "notAllowedAnonymous": false,
            "productLine2": "200g",
            "pickupProductLine2": "200g",
            "priceUnit": "kr/st",
            "priceNoUnit": "19,95",
            "savingsAmount": 4.95,
            "googleAnalyticsCategory": "frukt-och-gront|gronsaker|paprika",
            "gdprTrackingIncompliant": false,
            "nicotineMedicalProduct": false,
            "tobaccoFreeNicotineProduct": false,
            "nonEkoProduct": false,
            "precautionaryStatements": [],
            "hazards": [],
            "tobaccoProduct": false,
            "showGoodPriceIcon": false,
            "labels": [
                "keyhole"
            ],
            "seoDescription": "",
            "seoTitle": "",
            "manufacturer": null,
            "incrementValue": 1.0,
            "productBasketType": {
                "code": "ST",
                "type": "ProductBasketTypeEnum"
            },
            "bargainProduct": false,
            "addToCartMessage": "",
            "thumbnail": {
                "imageType": "PRIMARY",
                "format": "thumbnail",
                "url": "https://assets.axfood.se/image/upload/f_auto,t_100/07311042001683_C1N1_s01",
                "altText": null,
                "galleryIndex": null,
                "width": null
            },
            "outOfStock": false,
            "online": true,
            "displayVolume": "200g",
            "addToCartDisabled": false,
            "name": "Spetspaprika Röd Klass 1",
            "code": "100816306_ST"
        },
        {
            "potentialPromotions": [
                {
                    "threshold": null,
                    "applied": false,
                    "campaignType": "GENERAL",
                    "offerStatus": null,
                    "productCodes": [
                        "101214688_ST"
                    ],
                    "promotionTheme": {
                        "code": "Z084",
                        "visible": null
                    },
                    "textLabelGenerated": "",
                    "textLabelManual": null,
                    "lowestHistoricalPrice": null,
                    "price": {
                        "currencyIso": "SEK",
                        "value": 20.0,
                        "priceType": "BUY",
                        "formattedValue": "20,00 kr",
                        "minQuantity": null,
                        "maxQuantity": null
                    },
                    "promotionType": "MixMatchPricePromotion",
                    "conditionLabel": "",
                    "rewardLabel": "20 kr",
                    "textLabel": "",
                    "redeemLimitLabel": "",
                    "cartLabel": null,
                    "validUntil": null,
                    "timesUsed": null,
                    "qualifyingCount": 1,
                    "comparePrice": "20,00 kr",
                    "splashTitleText": "",
                    "realMixAndMatch": false,
                    "mainProductCode": "101214688_ST",
                    "conditionLabelFormatted": "",
                    "promotionRedeemLimit": null,
                    "promotionPercentage": null,
                    "cartLabelFormatted": "",
                    "priority": 408,
                    "code": "2500278072"
                }
            ],
            "inactivePotentialPromotions": [],
            "priceValue": 27.95,
            "price": "27,95 kr",
            "image": {
                "imageType": "PRIMARY",
                "format": "product",
                "url": "https://assets.axfood.se/image/upload/f_auto,t_200/07311042005049_C1N1_s01",
                "altText": null,
                "galleryIndex": null,
                "width": null
            },
            "ranking": 340.911840477685,
            "depositPrice": "",
            "averageWeight": null,
            "comparePrice": "27,95 kr",
            "comparePriceUnit": "kg",
            "isDrugProduct": false,
            "solrSearchScore": 0.7614262700080872,
            "energyDeclaration": null,
            "newsSplashProduct": false,
            "notAllowedB2b": false,
            "notAllowedAnonymous": false,
            "productLine2": "1kg",
            "pickupProductLine2": "1kg",
            "priceUnit": "kr/st",
            "priceNoUnit": "27,95",
            "savingsAmount": 7.95,
            "googleAnalyticsCategory": "frukt-och-gront|frukt|applen",
            "gdprTrackingIncompliant": false,
            "nicotineMedicalProduct": false,
            "tobaccoFreeNicotineProduct": false,
            "nonEkoProduct": false,
            "precautionaryStatements": [],
            "hazards": [],
            "tobaccoProduct": false,
            "showGoodPriceIcon": false,
            "labels": [
                "swedish_flag",
                "keyhole"
            ],
            "seoDescription": "",
            "seoTitle": "",
            "manufacturer": null,
            "incrementValue": 1.0,
            "productBasketType": {
                "code": "ST",
                "type": "ProductBasketTypeEnum"
            },
            "bargainProduct": false,
            "addToCartMessage": "",
            "thumbnail": {
                "imageType": "PRIMARY",
                "format": "thumbnail",
                "url": "https://assets.axfood.se/image/upload/f_auto,t_100/07311042005049_C1N1_s01",
                "altText": null,
                "galleryIndex": null,
                "width": null
            },
            "outOfStock": false,
            "online": true,
            "displayVolume": "1kg",
            "addToCartDisabled": false,
            "name": "Äpple Röda Svenska Klass 1",
            "code": "101214688_ST"
        },
        {
            "potentialPromotions": [
                {
                    "threshold": null,
                    "applied": false,
                    "campaignType": "GENERAL",
                    "offerStatus": null,
                    "productCodes": [
                        "101200430_ST"
                    ],
                    "promotionTheme": {
                        "code": "Z084",
                        "visible": null
                    },
                    "textLabelGenerated": "",
                    "textLabelManual": null,
                    "lowestHistoricalPrice": null,
                    "price": {
                        "currencyIso": "SEK",
                        "value": 3.3333333333333335,
                        "priceType": "BUY",
                        "formattedValue": "3,33 kr",
                        "minQuantity": null,
                        "maxQuantity": null
                    },
                    "promotionType": "MixMatchPricePromotion",
                    "conditionLabel": "3 för",
                    "rewardLabel": "10 kr",
                    "textLabel": "",
                    "redeemLimitLabel": "",
                    "cartLabel": null,
                    "validUntil": null,
                    "timesUsed": null,
                    "qualifyingCount": 3,
                    "comparePrice": "44,44 kr",
                    "splashTitleText": "",
                    "realMixAndMatch": false,
                    "mainProductCode": "101200430_ST",
                    "conditionLabelFormatted": "",
                    "promotionRedeemLimit": null,
                    "promotionPercentage": null,
                    "cartLabelFormatted": "",
                    "priority": 408,
                    "code": "2500278070"
                }
            ],
            "inactivePotentialPromotions": [],
            "priceValue": 6.95,
            "price": "6,95 kr",
            "image": {
                "imageType": "PRIMARY",
                "format": "product",
                "url": "https://assets.axfood.se/image/upload/f_auto,t_200/07311042000532_C1C0_s01",
                "altText": null,
                "galleryIndex": null,
                "width": null
            },
            "ranking": 340.9118404744082,
            "depositPrice": "",
            "averageWeight": null,
            "comparePrice": "92,67 kr",
            "comparePriceUnit": "kg",
            "isDrugProduct": false,
            "solrSearchScore": 0.7614262700080872,
            "energyDeclaration": null,
            "newsSplashProduct": false,
            "notAllowedB2b": false,
            "notAllowedAnonymous": false,
            "productLine2": "75g",
            "pickupProductLine2": "75g",
            "priceUnit": "kr/st",
            "priceNoUnit": "6,95",
            "savingsAmount": 10.85,
            "googleAnalyticsCategory": "frukt-och-gront|frukt|citron-och-lime",
            "gdprTrackingIncompliant": false,
            "nicotineMedicalProduct": false,
            "tobaccoFreeNicotineProduct": false,
            "nonEkoProduct": false,
            "precautionaryStatements": [],
            "hazards": [],
            "tobaccoProduct": false,
            "showGoodPriceIcon": false,
            "labels": [
                "keyhole"
            ],
            "seoDescription": "",
            "seoTitle": "",
            "manufacturer": null,
            "incrementValue": 1.0,
            "productBasketType": {
                "code": "ST",
                "type": "ProductBasketTypeEnum"
            },
            "bargainProduct": false,
            "addToCartMessage": "",
            "thumbnail": {
                "imageType": "PRIMARY",
                "format": "thumbnail",
                "url": "https://assets.axfood.se/image/upload/f_auto,t_100/07311042000532_C1C0_s01",
                "altText": null,
                "galleryIndex": null,
                "width": null
            },
            "outOfStock": false,
            "online": true,
            "displayVolume": "75g",
            "addToCartDisabled": false,
            "name": "Lime Klass 1",
            "code": "101200430_ST"
        },
        {
            "potentialPromotions": [
                {
                    "threshold": 0.0,
                    "applied": false,
                    "campaignType": "GENERAL",
                    "offerStatus": null,
                    "productCodes": null,
                    "promotionTheme": {
                        "code": "Z084",
                        "visible": null
                    },
                    "textLabelGenerated": "",
                    "textLabelManual": null,
                    "lowestHistoricalPrice": null,
                    "price": {
                        "currencyIso": "SEK",
                        "value": 8.0,
                        "priceType": "BUY",
                        "formattedValue": "8,00 kr/kg",
                        "minQuantity": null,
                        "maxQuantity": null
                    },
                    "promotionType": "SubtotalOrderPromotion",
                    "conditionLabel": "",
                    "rewardLabel": "8 kr/kg",
                    "textLabel": "",
                    "redeemLimitLabel": "Max 10 Kg",
                    "cartLabel": null,
                    "validUntil": null,
                    "timesUsed": null,
                    "qualifyingCount": null,
                    "comparePrice": "8,00 kr/kg",
                    "splashTitleText": "",
                    "realMixAndMatch": false,
                    "mainProductCode": "100148868_KG",
                    "conditionLabelFormatted": "",
                    "promotionRedeemLimit": null,
                    "promotionPercentage": null,
                    "cartLabelFormatted": "",
                    "priority": 409,
                    "code": "2500278067"
                }
            ],
            "inactivePotentialPromotions": [],
            "priceValue": 14.95,
            "price": "14,95 kr/kg",
            "image": {
                "imageType": "PRIMARY",
                "format": "product",
                "url": "https://assets.axfood.se/image/upload/f_auto,t_200/07311042001560_C1N0_s01",
                "altText": null,
                "galleryIndex": null,
                "width": null
            },
            "ranking": 340.9118404711314,
            "depositPrice": "",
            "averageWeight": 0.1,
            "comparePrice": "14,95 kr",
            "comparePriceUnit": "kg",
            "isDrugProduct": false,
            "solrSearchScore": 0.7614262700080872,
            "energyDeclaration": null,
            "newsSplashProduct": false,
            "notAllowedB2b": false,
            "notAllowedAnonymous": false,
            "productLine2": "ca: 100g",
            "pickupProductLine2": "ca: 100g",
            "priceUnit": "kr/kg",
            "priceNoUnit": "14,95",
            "savingsAmount": 6.95,
            "googleAnalyticsCategory": "frukt-och-gront|kal-och-rotsaker|rotfrukter",
            "gdprTrackingIncompliant": false,
            "nicotineMedicalProduct": false,
            "tobaccoFreeNicotineProduct": false,
            "nonEkoProduct": false,
            "precautionaryStatements": [],
            "hazards": [],
            "tobaccoProduct": false,
            "showGoodPriceIcon": false,
            "labels": [
                "swedish_flag",
                "keyhole"
            ],
            "seoDescription": "",
            "seoTitle": "",
            "manufacturer": null,
            "incrementValue": 1.0,
            "productBasketType": {
                "code": "ST",
                "type": "ProductBasketTypeEnum"
            },
            "bargainProduct": false,
            "addToCartMessage": "",
            "thumbnail": {
                "imageType": "PRIMARY",
                "format": "thumbnail",
                "url": "https://assets.axfood.se/image/upload/f_auto,t_100/07311042001560_C1N0_s01",
                "altText": null,
                "galleryIndex": null,
                "width": null
            },
            "outOfStock": false,
            "online": true,
            "displayVolume": "ca: 100g",
            "addToCartDisabled": false,
            "name": "Morot Klass 1",
            "code": "100148868_KG"
        },
        {
            "potentialPromotions": [
                {
                    "threshold": null,
                    "applied": false,
                    "campaignType": "GENERAL",
                    "offerStatus": null,
                    "productCodes": [
                        "101770674_ST"
                    ],
                    "promotionTheme": {
                        "code": "Z001",
                        "visible": null
                    },
                    "textLabelGenerated": "",
                    "textLabelManual": null,
                    "lowestHistoricalPrice": null,
                    "price": {
                        "currencyIso": "SEK",
                        "value": 10.0,
                        "priceType": "BUY",
                        "formattedValue": "10,00 kr",
                        "minQuantity": null,
                        "maxQuantity": null
                    },
                    "promotionType": "MixMatchPricePromotion",
                    "conditionLabel": "",
                    "rewardLabel": "10 kr",
                    "textLabel": "",
                    "redeemLimitLabel": "",
                    "cartLabel": null,
                    "validUntil": null,
                    "timesUsed": null,
                    "qualifyingCount": 1,
                    "comparePrice": "133,33 kr",
                    "splashTitleText": "Kampanj",
                    "realMixAndMatch": false,
                    "mainProductCode": "101770674_ST",
                    "conditionLabelFormatted": "",
                    "promotionRedeemLimit": null,
                    "promotionPercentage": null,
                    "cartLabelFormatted": "",
                    "priority": 408,
                    "code": "2500271082"
                }
            ],
            "inactivePotentialPromotions": [],
            "priceValue": 17.95,
            "price": "17,95 kr",
            "image": {
                "imageType": "PRIMARY",
                "format": "product",
                "url": "https://assets.axfood.se/image/upload/f_auto,t_200/07311042016373_C1N1_s02",
                "altText": null,
                "galleryIndex": null,
                "width": null
            },
            "ranking": 340.9118404547474,
            "depositPrice": "",
            "averageWeight": null,
            "comparePrice": "239,33 kr",
            "comparePriceUnit": "kg",
            "isDrugProduct": false,
            "solrSearchScore": 0.7614262700080872,
            "energyDeclaration": null,
            "newsSplashProduct": false,
            "notAllowedB2b": false,
            "notAllowedAnonymous": false,
            "productLine2": "GARANT, 75g",
            "pickupProductLine2": "GARANT, 75g",
            "priceUnit": "kr/st",
            "priceNoUnit": "17,95",
            "savingsAmount": 7.95,
            "googleAnalyticsCategory": "frukt-och-gront|gronsaker|fardigskuret",
            "gdprTrackingIncompliant": false,
            "nicotineMedicalProduct": false,
            "tobaccoFreeNicotineProduct": false,
            "nonEkoProduct": false,
            "precautionaryStatements": [],
            "hazards": [],
            "tobaccoProduct": false,
            "showGoodPriceIcon": false,
            "labels": [
                "swedish_flag",
                "from_sweden"
            ],
            "seoDescription": "",
            "seoTitle": "",
            "manufacturer": "Garant",
            "incrementValue": 1.0,
            "productBasketType": {
                "code": "ST",
                "type": "ProductBasketTypeEnum"
            },
            "bargainProduct": false,
            "addToCartMessage": "",
            "thumbnail": {
                "imageType": "PRIMARY",
                "format": "thumbnail",
                "url": "https://assets.axfood.se/image/upload/f_auto,t_100/07311042016373_C1N1_s02",
                "altText": null,
                "galleryIndex": null,
                "width": null
            },
            "outOfStock": false,
            "online": true,
            "displayVolume": "75g",
            "addToCartDisabled": false,
            "name": "Krispsallad",
            "code": "101770674_ST"
        },
        {
            "potentialPromotions": [
                {
                    "threshold": null,
                    "applied": false,
                    "campaignType": "GENERAL",
                    "offerStatus": null,
                    "productCodes": [
                        "101220320_ST",
                        "101186184_ST"
                    ],
                    "promotionTheme": {
                        "code": "Z001",
                        "visible": null
                    },
                    "textLabelGenerated": "",
                    "textLabelManual": null,
                    "lowestHistoricalPrice": {
                        "currencyIso": "SEK",
                        "value": 54.95,
                        "priceType": "BUY",
                        "formattedValue": "54,95 kr",
                        "minQuantity": null,
                        "maxQuantity": null
                    },
                    "price": {
                        "currencyIso": "SEK",
                        "value": 42.95,
                        "priceType": "BUY",
                        "formattedValue": "42,95 kr",
                        "minQuantity": null,
                        "maxQuantity": null
                    },
                    "promotionType": "MixMatchPricePromotion",
                    "conditionLabel": "",
                    "rewardLabel": "42,95 kr",
                    "textLabel": "",
                    "redeemLimitLabel": "",
                    "cartLabel": null,
                    "validUntil": null,
                    "timesUsed": null,
                    "qualifyingCount": 1,
                    "comparePrice": "8,59 kr",
                    "splashTitleText": "Kampanj",
                    "realMixAndMatch": false,
                    "mainProductCode": "101220320_ST",
                    "conditionLabelFormatted": "",
                    "promotionRedeemLimit": null,
                    "promotionPercentage": null,
                    "cartLabelFormatted": "",
                    "priority": 408,
                    "code": "2500269507"
                }
            ],
            "inactivePotentialPromotions": [],
            "priceValue": 54.95,
            "price": "54,95 kr",
            "image": {
                "imageType": "PRIMARY",
                "format": "product",
                "url": "https://assets.axfood.se/image/upload/f_auto,t_200/05700551260513_C1L1_s01",
                "altText": null,
                "galleryIndex": null,
                "width": null
            },
            "ranking": 340.911840444917,
            "depositPrice": "",
            "averageWeight": null,
            "comparePrice": "10,99 kr",
            "comparePriceUnit": "l",
            "isDrugProduct": false,
            "solrSearchScore": 0.7614262700080872,
            "energyDeclaration": null,
            "newsSplashProduct": false,
            "notAllowedB2b": false,
            "notAllowedAnonymous": false,
            "productLine2": "BEST FRIEND, 5l",
            "pickupProductLine2": "BEST FRIEND, 5l",
            "priceUnit": "kr/st",
            "priceNoUnit": "54,95",
            "savingsAmount": 12.0,
            "googleAnalyticsCategory": "djur|katt|kattstro",
            "gdprTrackingIncompliant": false,
            "nicotineMedicalProduct": false,
            "tobaccoFreeNicotineProduct": false,
            "nonEkoProduct": false,
            "precautionaryStatements": [],
            "hazards": [],
            "tobaccoProduct": false,
            "showGoodPriceIcon": false,
            "labels": [],
            "seoDescription": "",
            "seoTitle": "",
            "manufacturer": "Best Friend",
            "incrementValue": 1.0,
            "productBasketType": {
                "code": "ST",
                "type": "ProductBasketTypeEnum"
            },
            "bargainProduct": false,
            "addToCartMessage": "",
            "thumbnail": {
                "imageType": "PRIMARY",
                "format": "thumbnail",
                "url": "https://assets.axfood.se/image/upload/f_auto,t_100/05700551260513_C1L1_s01",
                "altText": null,
                "galleryIndex": null,
                "width": null
            },
            "outOfStock": false,
            "online": true,
            "displayVolume": "5l",
            "addToCartDisabled": false,
            "name": "Spring Fresh Cattia Kattströ",
            "code": "101220320_ST"
        },
        {
            "potentialPromotions": [
                {
                    "threshold": null,
                    "applied": false,
                    "campaignType": "GENERAL",
                    "offerStatus": null,
                    "productCodes": [
                        "101283394_ST",
                        "101607459_ST"
                    ],
                    "promotionTheme": {
                        "code": "Z001",
                        "visible": null
                    },
                    "textLabelGenerated": "",
                    "textLabelManual": null,
                    "lowestHistoricalPrice": {
                        "currencyIso": "SEK",
                        "value": 44.95,
                        "priceType": "BUY",
                        "formattedValue": "44,95 kr",
                        "minQuantity": null,
                        "maxQuantity": null
                    },
                    "price": {
                        "currencyIso": "SEK",
                        "value": 39.95,
                        "priceType": "BUY",
                        "formattedValue": "39,95 kr",
                        "minQuantity": null,
                        "maxQuantity": null
                    },
                    "promotionType": "MixMatchPricePromotion",
                    "conditionLabel": "",
                    "rewardLabel": "39,95 kr",
                    "textLabel": "",
                    "redeemLimitLabel": "",
                    "cartLabel": null,
                    "validUntil": null,
                    "timesUsed": null,
                    "qualifyingCount": 1,
                    "comparePrice": "88,78 kr",
                    "splashTitleText": "Kampanj",
                    "realMixAndMatch": false,
                    "mainProductCode": "101283394_ST",
                    "conditionLabelFormatted": "",
                    "promotionRedeemLimit": null,
                    "promotionPercentage": null,
                    "cartLabelFormatted": "",
                    "priority": 408,
                    "code": "2500269758"
                }
            ],
            "inactivePotentialPromotions": [],
            "priceValue": 44.95,
            "price": "44,95 kr",
            "image": {
                "imageType": "PRIMARY",
                "format": "product",
                "url": "https://assets.axfood.se/image/upload/f_auto,t_200/07310500178103_C1N1_s05",
                "altText": null,
                "galleryIndex": null,
                "width": null
            },
            "ranking": 340.9118404416402,
            "depositPrice": "",
            "averageWeight": null,
            "comparePrice": "99,89 kr",
            "comparePriceUnit": "kg",
            "isDrugProduct": false,
            "solrSearchScore": 0.7614262700080872,
            "energyDeclaration": null,
            "newsSplashProduct": false,
            "notAllowedB2b": false,
            "notAllowedAnonymous": false,
            "productLine2": "FINDUS, 450g",
            "pickupProductLine2": "FINDUS, 450g",
            "priceUnit": "kr/st",
            "priceNoUnit": "44,95",
            "savingsAmount": 5.0,
            "googleAnalyticsCategory": "fisk-och-skaldjur|fisk|fryst-fisk",
            "gdprTrackingIncompliant": false,
            "nicotineMedicalProduct": false,
            "tobaccoFreeNicotineProduct": false,
            "nonEkoProduct": true,
            "precautionaryStatements": [],
            "hazards": [],
            "tobaccoProduct": false,
            "showGoodPriceIcon": false,
            "labels": [
                "msc_fish",
                "keyhole",
                "environmental_facet"
            ],
            "seoDescription": "",
            "seoTitle": "",
            "manufacturer": "Findus",
            "incrementValue": 1.0,
            "productBasketType": {
                "code": "ST",
                "type": "ProductBasketTypeEnum"
            },
            "bargainProduct": false,
            "addToCartMessage": "",
            "thumbnail": {
                "imageType": "PRIMARY",
                "format": "thumbnail",
                "url": "https://assets.axfood.se/image/upload/f_auto,t_100/07310500178103_C1N1_s05",
                "altText": null,
                "galleryIndex": null,
                "width": null
            },
            "outOfStock": false,
            "online": true,
            "displayVolume": "450g",
            "addToCartDisabled": false,
            "name": "Fiskpinnar Frasiga Frysta/15-pack",
            "code": "101283394_ST"
        },
        {
            "potentialPromotions": [
                {
                    "threshold": null,
                    "applied": false,
                    "campaignType": "GENERAL",
                    "offerStatus": null,
                    "productCodes": [
                        "101232185_ST"
                    ],
                    "promotionTheme": {
                        "code": "Z001",
                        "visible": null
                    },
                    "textLabelGenerated": "",
                    "textLabelManual": null,
                    "lowestHistoricalPrice": null,
                    "price": {
                        "currencyIso": "SEK",
                        "value": 25.0,
                        "priceType": "BUY",
                        "formattedValue": "25,00 kr",
                        "minQuantity": null,
                        "maxQuantity": null
                    },
                    "promotionType": "MixMatchPricePromotion",
                    "conditionLabel": "",
                    "rewardLabel": "25 kr",
                    "textLabel": "",
                    "redeemLimitLabel": "",
                    "cartLabel": null,
                    "validUntil": null,
                    "timesUsed": null,
                    "qualifyingCount": 1,
                    "comparePrice": "50,00 kr",
                    "splashTitleText": "Kampanj",
                    "realMixAndMatch": false,
                    "mainProductCode": "101232185_ST",
                    "conditionLabelFormatted": "",
                    "promotionRedeemLimit": null,
                    "promotionPercentage": null,
                    "cartLabelFormatted": "",
                    "priority": 408,
                    "code": "2500269566"
                }
            ],
            "inactivePotentialPromotions": [],
            "priceValue": 27.95,
            "price": "27,95 kr",
            "image": {
                "imageType": "PRIMARY",
                "format": "product",
                "url": "https://assets.axfood.se/image/upload/f_auto,t_200/07340083440359_C1N1_s03",
                "altText": null,
                "galleryIndex": null,
                "width": null
            },
            "ranking": 340.9118404383634,
            "depositPrice": "",
            "averageWeight": null,
            "comparePrice": "55,90 kr",
            "comparePriceUnit": "l",
            "isDrugProduct": false,
            "solrSearchScore": 0.7614262700080872,
            "energyDeclaration": null,
            "newsSplashProduct": false,
            "notAllowedB2b": false,
            "notAllowedAnonymous": false,
            "productLine2": "GARANT, 5dl",
            "pickupProductLine2": "GARANT, 5dl",
            "priceUnit": "kr/st",
            "priceNoUnit": "27,95",
            "savingsAmount": 2.95,
            "googleAnalyticsCategory": "mejeri-ost-och-agg|gradde|laktosfri-gradde",
            "gdprTrackingIncompliant": false,
            "nicotineMedicalProduct": false,
            "tobaccoFreeNicotineProduct": false,
            "nonEkoProduct": false,
            "precautionaryStatements": [],
            "hazards": [],
            "tobaccoProduct": false,
            "showGoodPriceIcon": false,
            "labels": [
                "swedish_flag",
                "from_sweden"
            ],
            "seoDescription": "",
            "seoTitle": "",
            "manufacturer": "Garant",
            "incrementValue": 1.0,
            "productBasketType": {
                "code": "ST",
                "type": "ProductBasketTypeEnum"
            },
            "bargainProduct": false,
            "addToCartMessage": "",
            "thumbnail": {
                "imageType": "PRIMARY",
                "format": "thumbnail",
                "url": "https://assets.axfood.se/image/upload/f_auto,t_100/07340083440359_C1N1_s03",
                "altText": null,
                "galleryIndex": null,
                "width": null
            },
            "outOfStock": false,
            "online": true,
            "displayVolume": "5dl",
            "addToCartDisabled": false,
            "name": "Matgrädde Laktosfri 13%",
            "code": "101232185_ST"
        },
        {
            "potentialPromotions": [
                {
                    "threshold": null,
                    "applied": false,
                    "campaignType": "GENERAL",
                    "offerStatus": null,
                    "productCodes": [
                        "101214559_ST"
                    ],
                    "promotionTheme": {
                        "code": "Z001",
                        "visible": null
                    },
                    "textLabelGenerated": "",
                    "textLabelManual": null,
                    "lowestHistoricalPrice": {
                        "currencyIso": "SEK",
                        "value": 33.95,
                        "priceType": "BUY",
                        "formattedValue": "33,95 kr",
                        "minQuantity": null,
                        "maxQuantity": null
                    },
                    "price": {
                        "currencyIso": "SEK",
                        "value": 29.95,
                        "priceType": "BUY",
                        "formattedValue": "29,95 kr",
                        "minQuantity": null,
                        "maxQuantity": null
                    },
                    "promotionType": "MixMatchPricePromotion",
                    "conditionLabel": "",
                    "rewardLabel": "29,95 kr",
                    "textLabel": "",
                    "redeemLimitLabel": "",
                    "cartLabel": null,
                    "validUntil": null,
                    "timesUsed": null,
                    "qualifyingCount": 1,
                    "comparePrice": "74,88 kr",
                    "splashTitleText": "Kampanj",
                    "realMixAndMatch": false,
                    "mainProductCode": "101214559_ST",
                    "conditionLabelFormatted": "",
                    "promotionRedeemLimit": null,
                    "promotionPercentage": null,
                    "cartLabelFormatted": "",
                    "priority": 408,
                    "code": "2500269742"
                }
            ],
            "inactivePotentialPromotions": [],
            "priceValue": 33.95,
            "price": "33,95 kr",
            "image": {
                "imageType": "PRIMARY",
                "format": "product",
                "url": "https://assets.axfood.se/image/upload/f_auto,t_200/07340083430831_C1L1_s01",
                "altText": null,
                "galleryIndex": null,
                "width": null
            },
            "ranking": 340.9118404350866,
            "depositPrice": "",
            "averageWeight": null,
            "comparePrice": "84,88 kr",
            "comparePriceUnit": "kg",
            "isDrugProduct": false,
            "solrSearchScore": 0.7614262700080872,
            "energyDeclaration": null,
            "newsSplashProduct": false,
            "notAllowedB2b": false,
            "notAllowedAnonymous": false,
            "productLine2": "GARANT, 400g",
            "pickupProductLine2": "GARANT, 400g",
            "priceUnit": "kr/st",
            "priceNoUnit": "33,95",
            "savingsAmount": 4.0,
            "googleAnalyticsCategory": "brod-och-kakor|fryst|brod",
            "gdprTrackingIncompliant": false,
            "nicotineMedicalProduct": false,
            "tobaccoFreeNicotineProduct": false,
            "nonEkoProduct": false,
            "precautionaryStatements": [],
            "hazards": [],
            "tobaccoProduct": false,
            "showGoodPriceIcon": false,
            "labels": [],
            "seoDescription": "",
            "seoTitle": "",
            "manufacturer": "Garant",
            "incrementValue": 1.0,
            "productBasketType": {
                "code": "ST",
                "type": "ProductBasketTypeEnum"
            },
            "bargainProduct": false,
            "addToCartMessage": "",
            "thumbnail": {
                "imageType": "PRIMARY",
                "format": "thumbnail",
                "url": "https://assets.axfood.se/image/upload/f_auto,t_100/07340083430831_C1L1_s01",
                "altText": null,
                "galleryIndex": null,
                "width": null
            },
            "outOfStock": false,
            "online": true,
            "displayVolume": "400g",
            "addToCartDisabled": false,
            "name": "Smördeg Plattor Fryst",
            "code": "101214559_ST"
        },
        {
            "potentialPromotions": [
                {
                    "threshold": null,
                    "applied": false,
                    "campaignType": "GENERAL",
                    "offerStatus": null,
                    "productCodes": [
                        "100013389_ST"
                    ],
                    "promotionTheme": {
                        "code": "Z001",
                        "visible": null
                    },
                    "textLabelGenerated": "",
                    "textLabelManual": null,
                    "lowestHistoricalPrice": {
                        "currencyIso": "SEK",
                        "value": 17.5,
                        "priceType": "BUY",
                        "formattedValue": "17,50 kr",
                        "minQuantity": null,
                        "maxQuantity": null
                    },
                    "price": {
                        "currencyIso": "SEK",
                        "value": 15.0,
                        "priceType": "BUY",
                        "formattedValue": "15,00 kr",
                        "minQuantity": null,
                        "maxQuantity": null
                    },
                    "promotionType": "MixMatchPricePromotion",
                    "conditionLabel": "",
                    "rewardLabel": "15 kr",
                    "textLabel": "",
                    "redeemLimitLabel": "",
                    "cartLabel": null,
                    "validUntil": null,
                    "timesUsed": null,
                    "qualifyingCount": 1,
                    "comparePrice": "60,00 kr",
                    "splashTitleText": "Kampanj",
                    "realMixAndMatch": false,
                    "mainProductCode": "100013389_ST",
                    "conditionLabelFormatted": "",
                    "promotionRedeemLimit": null,
                    "promotionPercentage": null,
                    "cartLabelFormatted": "",
                    "priority": 408,
                    "code": "2500269567"
                }
            ],
            "inactivePotentialPromotions": [],
            "priceValue": 17.95,
            "price": "17,95 kr",
            "image": {
                "imageType": "PRIMARY",
                "format": "product",
                "url": "https://assets.axfood.se/image/upload/f_auto,t_200/07310865008268_C1C1_s04",
                "altText": null,
                "galleryIndex": null,
                "width": null
            },
            "ranking": 340.9118404318098,
            "depositPrice": "",
            "averageWeight": null,
            "comparePrice": "71,80 kr",
            "comparePriceUnit": "kg",
            "isDrugProduct": false,
            "solrSearchScore": 0.7614262700080872,
            "energyDeclaration": null,
            "newsSplashProduct": false,
            "notAllowedB2b": false,
            "notAllowedAnonymous": false,
            "productLine2": "ARLA KÖKET, 250g",
            "pickupProductLine2": "ARLA KÖKET, 250g",
            "priceUnit": "kr/st",
            "priceNoUnit": "17,95",
            "savingsAmount": 2.95,
            "googleAnalyticsCategory": "mejeri-ost-och-agg|mellanmal-och-desserter|kvarg-och-cottage-cheese-",
            "gdprTrackingIncompliant": false,
            "nicotineMedicalProduct": false,
            "tobaccoFreeNicotineProduct": false,
            "nonEkoProduct": false,
            "precautionaryStatements": [],
            "hazards": [],
            "tobaccoProduct": false,
            "showGoodPriceIcon": false,
            "labels": [],
            "seoDescription": "",
            "seoTitle": "",
            "manufacturer": "Arla Köket",
            "incrementValue": 1.0,
            "productBasketType": {
                "code": "ST",
                "type": "ProductBasketTypeEnum"
            },
            "bargainProduct": false,
            "addToCartMessage": "",
            "thumbnail": {
                "imageType": "PRIMARY",
                "format": "thumbnail",
                "url": "https://assets.axfood.se/image/upload/f_auto,t_100/07310865008268_C1C1_s04",
                "altText": null,
                "galleryIndex": null,
                "width": null
            },
            "outOfStock": false,
            "online": true,
            "displayVolume": "250g",
            "addToCartDisabled": false,
            "name": "Kesella Kvarg Naturell 10%",
            "code": "100013389_ST"
        },
        {
            "potentialPromotions": [
                {
                    "threshold": null,
                    "applied": false,
                    "campaignType": "GENERAL",
                    "offerStatus": null,
                    "productCodes": [
                        "101547805_ST",
                        "101547802_ST",
                        "101512369_ST"
                    ],
                    "promotionTheme": {
                        "code": "Z001",
                        "visible": null
                    },
                    "textLabelGenerated": "",
                    "textLabelManual": null,
                    "lowestHistoricalPrice": {
                        "currencyIso": "SEK",
                        "value": 79.95,
                        "priceType": "BUY",
                        "formattedValue": "79,95 kr",
                        "minQuantity": null,
                        "maxQuantity": null
                    },
                    "price": {
                        "currencyIso": "SEK",
                        "value": 69.95,
                        "priceType": "BUY",
                        "formattedValue": "69,95 kr",
                        "minQuantity": null,
                        "maxQuantity": null
                    },
                    "promotionType": "MixMatchPricePromotion",
                    "conditionLabel": "",
                    "rewardLabel": "69,95 kr",
                    "textLabel": "",
                    "redeemLimitLabel": "",
                    "cartLabel": null,
                    "validUntil": null,
                    "timesUsed": null,
                    "qualifyingCount": 1,
                    "comparePrice": "1,66 kr",
                    "splashTitleText": "Kampanj",
                    "realMixAndMatch": false,
                    "mainProductCode": "101547805_ST",
                    "conditionLabelFormatted": "",
                    "promotionRedeemLimit": null,
                    "promotionPercentage": null,
                    "cartLabelFormatted": "",
                    "priority": 408,
                    "code": "2500269509"
                }
            ],
            "inactivePotentialPromotions": [],
            "priceValue": 79.95,
            "price": "79,95 kr",
            "image": {
                "imageType": "PRIMARY",
                "format": "product",
                "url": "https://assets.axfood.se/image/upload/f_auto,t_200/05714970007970_C1N1_s02",
                "altText": null,
                "galleryIndex": null,
                "width": null
            },
            "ranking": 340.911840428533,
            "depositPrice": "",
            "averageWeight": null,
            "comparePrice": "1,90 kr",
            "comparePriceUnit": "st",
            "isDrugProduct": false,
            "solrSearchScore": 0.7614262700080872,
            "energyDeclaration": null,
            "newsSplashProduct": false,
            "notAllowedB2b": false,
            "notAllowedAnonymous": false,
            "productLine2": "FINISH, 42p",
            "pickupProductLine2": "FINISH, 42p",
            "priceUnit": "kr/st",
            "priceNoUnit": "79,95",
            "savingsAmount": 10.0,
            "googleAnalyticsCategory": "hem-och-hushall|disk|maskindisk",
            "gdprTrackingIncompliant": false,
            "nicotineMedicalProduct": false,
            "tobaccoFreeNicotineProduct": false,
            "nonEkoProduct": false,
            "precautionaryStatements": [],
            "hazards": [],
            "tobaccoProduct": false,
            "showGoodPriceIcon": false,
            "labels": [
                "eu_flower",
                "warning",
                "exclamation_mark",
                "environmental_facet"
            ],
            "seoDescription": "",
            "seoTitle": "",
            "manufacturer": "Finish",
            "incrementValue": 1.0,
            "productBasketType": {
                "code": "ST",
                "type": "ProductBasketTypeEnum"
            },
            "bargainProduct": false,
            "addToCartMessage": "",
            "thumbnail": {
                "imageType": "PRIMARY",
                "format": "thumbnail",
                "url": "https://assets.axfood.se/image/upload/f_auto,t_100/05714970007970_C1N1_s02",
                "altText": null,
                "galleryIndex": null,
                "width": null
            },
            "outOfStock": false,
            "online": true,
            "displayVolume": "42p",
            "addToCartDisabled": false,
            "name": "Power Maskindiskmedel",
            "code": "101547805_ST"
        },
        {
            "potentialPromotions": [
                {
                    "threshold": null,
                    "applied": false,
                    "campaignType": "GENERAL",
                    "offerStatus": null,
                    "productCodes": [
                        "101597633_ST",
                        "101597636_ST"
                    ],
                    "promotionTheme": {
                        "code": "Z001",
                        "visible": null
                    },
                    "textLabelGenerated": "",
                    "textLabelManual": null,
                    "lowestHistoricalPrice": {
                        "currencyIso": "SEK",
                        "value": 119.0,
                        "priceType": "BUY",
                        "formattedValue": "119,00 kr",
                        "minQuantity": null,
                        "maxQuantity": null
                    },
                    "price": {
                        "currencyIso": "SEK",
                        "value": 99.0,
                        "priceType": "BUY",
                        "formattedValue": "99,00 kr",
                        "minQuantity": null,
                        "maxQuantity": null
                    },
                    "promotionType": "MixMatchPricePromotion",
                    "conditionLabel": "",
                    "rewardLabel": "99 kr",
                    "textLabel": "",
                    "redeemLimitLabel": "",
                    "cartLabel": null,
                    "validUntil": null,
                    "timesUsed": null,
                    "qualifyingCount": 1,
                    "comparePrice": "1 980,00 kr",
                    "splashTitleText": "Kampanj",
                    "realMixAndMatch": false,
                    "mainProductCode": "101597633_ST",
                    "conditionLabelFormatted": "",
                    "promotionRedeemLimit": null,
                    "promotionPercentage": null,
                    "cartLabelFormatted": "",
                    "priority": 408,
                    "code": "2500269511"
                }
            ],
            "inactivePotentialPromotions": [],
            "priceValue": 119.0,
            "price": "119,00 kr",
            "image": {
                "imageType": "PRIMARY",
                "format": "product",
                "url": "https://assets.axfood.se/image/upload/f_auto,t_200/04006000089812_C1R0_s01",
                "altText": null,
                "galleryIndex": null,
                "width": null
            },
            "ranking": 340.9118404252562,
            "depositPrice": "",
            "averageWeight": null,
            "comparePrice": "2 380,00 kr",
            "comparePriceUnit": "l",
            "isDrugProduct": false,
            "solrSearchScore": 0.7614262700080872,
            "energyDeclaration": null,
            "newsSplashProduct": false,
            "notAllowedB2b": false,
            "notAllowedAnonymous": false,
            "productLine2": "NIVEA, 50ml",
            "pickupProductLine2": "NIVEA, 50ml",
            "priceUnit": "kr/st",
            "priceNoUnit": "119,00",
            "savingsAmount": 20.0,
            "googleAnalyticsCategory": "halsa-och-skonhet|kroppsvard|ansiktsvard-",
            "gdprTrackingIncompliant": false,
            "nicotineMedicalProduct": false,
            "tobaccoFreeNicotineProduct": false,
            "nonEkoProduct": false,
            "precautionaryStatements": [],
            "hazards": [],
            "tobaccoProduct": false,
            "showGoodPriceIcon": false,
            "labels": [],
            "seoDescription": "",
            "seoTitle": "",
            "manufacturer": "Nivea",
            "incrementValue": 1.0,
            "productBasketType": {
                "code": "ST",
                "type": "ProductBasketTypeEnum"
            },
            "bargainProduct": false,
            "addToCartMessage": "",
            "thumbnail": {
                "imageType": "PRIMARY",
                "format": "thumbnail",
                "url": "https://assets.axfood.se/image/upload/f_auto,t_100/04006000089812_C1R0_s01",
                "altText": null,
                "galleryIndex": null,
                "width": null
            },
            "outOfStock": false,
            "online": true,
            "displayVolume": "50ml",
            "addToCartDisabled": false,
            "name": "Q10 Spf15 Power Anti-wrinkle Firming Day Cream",
            "code": "101597633_ST"
        },
        {
            "potentialPromotions": [
                {
                    "threshold": null,
                    "applied": false,
                    "campaignType": "GENERAL",
                    "offerStatus": null,
                    "productCodes": [
                        "101146387_ST"
                    ],
                    "promotionTheme": {
                        "code": "Z001",
                        "visible": null
                    },
                    "textLabelGenerated": "",
                    "textLabelManual": null,
                    "lowestHistoricalPrice": {
                        "currencyIso": "SEK",
                        "value": 42.95,
                        "priceType": "BUY",
                        "formattedValue": "42,95 kr",
                        "minQuantity": null,
                        "maxQuantity": null
                    },
                    "price": {
                        "currencyIso": "SEK",
                        "value": 39.95,
                        "priceType": "BUY",
                        "formattedValue": "39,95 kr",
                        "minQuantity": null,
                        "maxQuantity": null
                    },
                    "promotionType": "MixMatchPricePromotion",
                    "conditionLabel": "",
                    "rewardLabel": "39,95 kr",
                    "textLabel": "",
                    "redeemLimitLabel": "",
                    "cartLabel": null,
                    "validUntil": null,
                    "timesUsed": null,
                    "qualifyingCount": 1,
                    "comparePrice": "79,90 kr",
                    "splashTitleText": "Kampanj",
                    "realMixAndMatch": false,
                    "mainProductCode": "101146387_ST",
                    "conditionLabelFormatted": "",
                    "promotionRedeemLimit": null,
                    "promotionPercentage": null,
                    "cartLabelFormatted": "",
                    "priority": 408,
                    "code": "2500269571"
                }
            ],
            "inactivePotentialPromotions": [],
            "priceValue": 42.95,
            "price": "42,95 kr",
            "image": {
                "imageType": "PRIMARY",
                "format": "product",
                "url": "https://assets.axfood.se/image/upload/f_auto,t_200/07311041063439_C1N1_s01",
                "altText": null,
                "galleryIndex": null,
                "width": null
            },
            "ranking": 340.9118404187026,
            "depositPrice": "",
            "averageWeight": null,
            "comparePrice": "85,90 kr",
            "comparePriceUnit": "kg",
            "isDrugProduct": false,
            "solrSearchScore": 0.7614262700080872,
            "energyDeclaration": null,
            "newsSplashProduct": false,
            "notAllowedB2b": false,
            "notAllowedAnonymous": false,
            "productLine2": "GARANT, 500g",
            "pickupProductLine2": "GARANT, 500g",
            "priceUnit": "kr/st",
            "priceNoUnit": "42,95",
            "savingsAmount": 3.0,
            "googleAnalyticsCategory": "godis-snacks-och-glass|torkad-frukt",
            "gdprTrackingIncompliant": false,
            "nicotineMedicalProduct": false,
            "tobaccoFreeNicotineProduct": false,
            "nonEkoProduct": false,
            "precautionaryStatements": [],
            "hazards": [],
            "tobaccoProduct": false,
            "showGoodPriceIcon": false,
            "labels": [],
            "seoDescription": "",
            "seoTitle": "",
            "manufacturer": "Garant",
            "incrementValue": 1.0,
            "productBasketType": {
                "code": "ST",
                "type": "ProductBasketTypeEnum"
            },
            "bargainProduct": false,
            "addToCartMessage": "",
            "thumbnail": {
                "imageType": "PRIMARY",
                "format": "thumbnail",
                "url": "https://assets.axfood.se/image/upload/f_auto,t_100/07311041063439_C1N1_s01",
                "altText": null,
                "galleryIndex": null,
                "width": null
            },
            "outOfStock": false,
            "online": true,
            "displayVolume": "500g",
            "addToCartDisabled": false,
            "name": "Russin Soltorkade",
            "code": "101146387_ST"
        },
        {
            "potentialPromotions": [
                {
                    "threshold": null,
                    "applied": false,
                    "campaignType": "GENERAL",
                    "offerStatus": null,
                    "productCodes": [
                        "101240779_ST",
                        "101267099_ST",
                        "101296457_ST",
                        "101496144_ST",
                        "101240736_ST"
                    ],
                    "promotionTheme": {
                        "code": "Z001",
                        "visible": null
                    },
                    "textLabelGenerated": "",
                    "textLabelManual": null,
                    "lowestHistoricalPrice": {
                        "currencyIso": "SEK",
                        "value": 21.95,
                        "priceType": "BUY",
                        "formattedValue": "21,95 kr",
                        "minQuantity": null,
                        "maxQuantity": null
                    },
                    "price": {
                        "currencyIso": "SEK",
                        "value": 17.95,
                        "priceType": "BUY",
                        "formattedValue": "17,95 kr",
                        "minQuantity": null,
                        "maxQuantity": null
                    },
                    "promotionType": "MixMatchPricePromotion",
                    "conditionLabel": "",
                    "rewardLabel": "17,95 kr",
                    "textLabel": "",
                    "redeemLimitLabel": "",
                    "cartLabel": null,
                    "validUntil": null,
                    "timesUsed": null,
                    "qualifyingCount": 1,
                    "comparePrice": "119,67 kr",
                    "splashTitleText": "Kampanj",
                    "realMixAndMatch": false,
                    "mainProductCode": "101240779_ST",
                    "conditionLabelFormatted": "",
                    "promotionRedeemLimit": null,
                    "promotionPercentage": null,
                    "cartLabelFormatted": "",
                    "priority": 408,
                    "code": "2500269515"
                }
            ],
            "inactivePotentialPromotions": [],
            "priceValue": 21.95,
            "price": "21,95 kr",
            "image": {
                "imageType": "PRIMARY",
                "format": "product",
                "url": "https://assets.axfood.se/image/upload/f_auto,t_200/05711953029912_C1C1_s07",
                "altText": null,
                "galleryIndex": null,
                "width": null
            },
            "ranking": 340.911840412149,
            "depositPrice": "",
            "averageWeight": null,
            "comparePrice": "146,33 kr",
            "comparePriceUnit": "kg",
            "isDrugProduct": false,
            "solrSearchScore": 0.7614262700080872,
            "energyDeclaration": null,
            "newsSplashProduct": false,
            "notAllowedB2b": false,
            "notAllowedAnonymous": false,
            "productLine2": "ARLA, 150g",
            "pickupProductLine2": "ARLA, 150g",
            "priceUnit": "kr/st",
            "priceNoUnit": "21,95",
            "savingsAmount": 4.0,
            "googleAnalyticsCategory": "mejeri-ost-och-agg|ost|farskost",
            "gdprTrackingIncompliant": false,
            "nicotineMedicalProduct": false,
            "tobaccoFreeNicotineProduct": false,
            "nonEkoProduct": false,
            "precautionaryStatements": [],
            "hazards": [],
            "tobaccoProduct": false,
            "showGoodPriceIcon": false,
            "labels": [],
            "seoDescription": "",
            "seoTitle": "",
            "manufacturer": "Arla",
            "incrementValue": 1.0,
            "productBasketType": {
                "code": "ST",
                "type": "ProductBasketTypeEnum"
            },
            "bargainProduct": false,
            "addToCartMessage": "",
            "thumbnail": {
                "imageType": "PRIMARY",
                "format": "thumbnail",
                "url": "https://assets.axfood.se/image/upload/f_auto,t_100/05711953029912_C1C1_s07",
                "altText": null,
                "galleryIndex": null,
                "width": null
            },
            "outOfStock": false,
            "online": true,
            "displayVolume": "150g",
            "addToCartDisabled": false,
            "name": "Naturell Färskost 23%",
            "code": "101240779_ST"
        },
        {
            "potentialPromotions": [
                {
                    "threshold": null,
                    "applied": false,
                    "campaignType": "GENERAL",
                    "offerStatus": null,
                    "productCodes": [
                        "101224680_ST",
                        "101272831_ST",
                        "101760278_ST"
                    ],
                    "promotionTheme": {
                        "code": "Z001",
                        "visible": null
                    },
                    "textLabelGenerated": "",
                    "textLabelManual": null,
                    "lowestHistoricalPrice": {
                        "currencyIso": "SEK",
                        "value": 25.95,
                        "priceType": "BUY",
                        "formattedValue": "25,95 kr",
                        "minQuantity": null,
                        "maxQuantity": null
                    },
                    "price": {
                        "currencyIso": "SEK",
                        "value": 22.0,
                        "priceType": "BUY",
                        "formattedValue": "22,00 kr",
                        "minQuantity": null,
                        "maxQuantity": null
                    },
                    "promotionType": "MixMatchPricePromotion",
                    "conditionLabel": "",
                    "rewardLabel": "22 kr",
                    "textLabel": "",
                    "redeemLimitLabel": "",
                    "cartLabel": null,
                    "validUntil": null,
                    "timesUsed": null,
                    "qualifyingCount": 1,
                    "comparePrice": "22,00 kr",
                    "splashTitleText": "Kampanj",
                    "realMixAndMatch": false,
                    "mainProductCode": "101224680_ST",
                    "conditionLabelFormatted": "",
                    "promotionRedeemLimit": null,
                    "promotionPercentage": null,
                    "cartLabelFormatted": "",
                    "priority": 408,
                    "code": "2500269518"
                }
            ],
            "inactivePotentialPromotions": [],
            "priceValue": 25.95,
            "price": "25,95 kr",
            "image": {
                "imageType": "PRIMARY",
                "format": "product",
                "url": "https://assets.axfood.se/image/upload/f_auto,t_200/07340083437212_C1N1_s01",
                "altText": null,
                "galleryIndex": null,
                "width": null
            },
            "ranking": 340.9118404088722,
            "depositPrice": "",
            "averageWeight": null,
            "comparePrice": "25,95 kr",
            "comparePriceUnit": "st",
            "isDrugProduct": false,
            "solrSearchScore": 0.7614262700080872,
            "energyDeclaration": null,
            "newsSplashProduct": false,
            "notAllowedB2b": false,
            "notAllowedAnonymous": false,
            "productLine2": "FIXA, st",
            "pickupProductLine2": "FIXA, st",
            "priceUnit": "kr/st",
            "priceNoUnit": "25,95",
            "savingsAmount": 3.95,
            "googleAnalyticsCategory": "hem-och-hushall|hem-och-inredning|ljus",
            "gdprTrackingIncompliant": false,
            "nicotineMedicalProduct": false,
            "tobaccoFreeNicotineProduct": false,
            "nonEkoProduct": false,
            "precautionaryStatements": [],
            "hazards": [],
            "tobaccoProduct": false,
            "showGoodPriceIcon": false,
            "labels": [],
            "seoDescription": "",
            "seoTitle": "",
            "manufacturer": "Fixa",
            "incrementValue": 1.0,
            "productBasketType": {
                "code": "ST",
                "type": "ProductBasketTypeEnum"
            },
            "bargainProduct": false,
            "addToCartMessage": "",
            "thumbnail": {
                "imageType": "PRIMARY",
                "format": "thumbnail",
                "url": "https://assets.axfood.se/image/upload/f_auto,t_100/07340083437212_C1N1_s01",
                "altText": null,
                "galleryIndex": null,
                "width": null
            },
            "outOfStock": false,
            "online": true,
            "displayVolume": "st",
            "addToCartDisabled": false,
            "name": "Blockljus 12cm Vit 40h",
            "code": "101224680_ST"
        },
        {
            "potentialPromotions": [
                {
                    "threshold": null,
                    "applied": false,
                    "campaignType": "GENERAL",
                    "offerStatus": null,
                    "productCodes": [
                        "100141133_ST",
                        "100808618_ST",
                        "101284499_ST",
                        "101266549_ST",
                        "100539151_ST",
                        "101150585_ST"
                    ],
                    "promotionTheme": {
                        "code": "Z001",
                        "visible": null
                    },
                    "textLabelGenerated": "",
                    "textLabelManual": null,
                    "lowestHistoricalPrice": {
                        "currencyIso": "SEK",
                        "value": 23.5,
                        "priceType": "BUY",
                        "formattedValue": "23,50 kr",
                        "minQuantity": null,
                        "maxQuantity": null
                    },
                    "price": {
                        "currencyIso": "SEK",
                        "value": 18.95,
                        "priceType": "BUY",
                        "formattedValue": "18,95 kr",
                        "minQuantity": null,
                        "maxQuantity": null
                    },
                    "promotionType": "MixMatchPricePromotion",
                    "conditionLabel": "",
                    "rewardLabel": "18,95 kr",
                    "textLabel": "",
                    "redeemLimitLabel": "",
                    "cartLabel": null,
                    "validUntil": null,
                    "timesUsed": null,
                    "qualifyingCount": 1,
                    "comparePrice": "37,90 kr",
                    "splashTitleText": "Kampanj",
                    "realMixAndMatch": false,
                    "mainProductCode": "100141133_ST",
                    "conditionLabelFormatted": "",
                    "promotionRedeemLimit": null,
                    "promotionPercentage": null,
                    "cartLabelFormatted": "",
                    "priority": 408,
                    "code": "2500269514"
                }
            ],
            "inactivePotentialPromotions": [],
            "priceValue": 23.5,
            "price": "23,50 kr",
            "image": {
                "imageType": "PRIMARY",
                "format": "product",
                "url": "https://assets.axfood.se/image/upload/f_auto,t_200/07310614394055_C1N1_s01",
                "altText": null,
                "galleryIndex": null,
                "width": null
            },
            "ranking": 340.9118404023186,
            "depositPrice": "",
            "averageWeight": null,
            "comparePrice": "47,00 kr",
            "comparePriceUnit": "l",
            "isDrugProduct": false,
            "solrSearchScore": 0.7614262700080872,
            "energyDeclaration": null,
            "newsSplashProduct": false,
            "notAllowedB2b": false,
            "notAllowedAnonymous": false,
            "productLine2": "FAMILY FRESH, 500ml",
            "pickupProductLine2": "FAMILY FRESH, 500ml",
            "priceUnit": "kr/st",
            "priceNoUnit": "23,50",
            "savingsAmount": 4.55,
            "googleAnalyticsCategory": "halsa-och-skonhet|kroppsvard|tval",
            "gdprTrackingIncompliant": false,
            "nicotineMedicalProduct": false,
            "tobaccoFreeNicotineProduct": false,
            "nonEkoProduct": false,
            "precautionaryStatements": [],
            "hazards": [],
            "tobaccoProduct": false,
            "showGoodPriceIcon": false,
            "labels": [],
            "seoDescription": "",
            "seoTitle": "",
            "manufacturer": "Family Fresh",
            "incrementValue": 1.0,
            "productBasketType": {
                "code": "ST",
                "type": "ProductBasketTypeEnum"
            },
            "bargainProduct": false,
            "addToCartMessage": "",
            "thumbnail": {
                "imageType": "PRIMARY",
                "format": "thumbnail",
                "url": "https://assets.axfood.se/image/upload/f_auto,t_100/07310614394055_C1N1_s01",
                "altText": null,
                "galleryIndex": null,
                "width": null
            },
            "outOfStock": false,
            "online": true,
            "displayVolume": "500ml",
            "addToCartDisabled": false,
            "name": "Spring Rain Shower Cream Duschkräm",
            "code": "100141133_ST"
        },
        {
            "potentialPromotions": [
                {
                    "threshold": null,
                    "applied": false,
                    "campaignType": "GENERAL",
                    "offerStatus": null,
                    "productCodes": [
                        "101676416_ST",
                        "101676459_ST",
                        "101676417_ST",
                        "101676460_ST",
                        "101676462_ST"
                    ],
                    "promotionTheme": {
                        "code": "Z001",
                        "visible": null
                    },
                    "textLabelGenerated": "",
                    "textLabelManual": null,
                    "lowestHistoricalPrice": {
                        "currencyIso": "SEK",
                        "value": 34.95,
                        "priceType": "BUY",
                        "formattedValue": "34,95 kr",
                        "minQuantity": null,
                        "maxQuantity": null
                    },
                    "price": {
                        "currencyIso": "SEK",
                        "value": 27.95,
                        "priceType": "BUY",
                        "formattedValue": "27,95 kr",
                        "minQuantity": null,
                        "maxQuantity": null
                    },
                    "promotionType": "MixMatchPricePromotion",
                    "conditionLabel": "",
                    "rewardLabel": "27,95 kr",
                    "textLabel": "",
                    "redeemLimitLabel": "",
                    "cartLabel": null,
                    "validUntil": null,
                    "timesUsed": null,
                    "qualifyingCount": 1,
                    "comparePrice": "1,64 kr",
                    "splashTitleText": "Kampanj",
                    "realMixAndMatch": false,
                    "mainProductCode": "101676416_ST",
                    "conditionLabelFormatted": "",
                    "promotionRedeemLimit": null,
                    "promotionPercentage": null,
                    "cartLabelFormatted": "",
                    "priority": 408,
                    "code": "2500274037"
                }
            ],
            "inactivePotentialPromotions": [],
            "priceValue": 35.95,
            "price": "35,95 kr",
            "image": {
                "imageType": "PRIMARY",
                "format": "product",
                "url": "https://assets.axfood.se/image/upload/f_auto,t_200/07310760534282_C1R1_s01",
                "altText": null,
                "galleryIndex": null,
                "width": null
            },
            "ranking": 340.9118403990418,
            "depositPrice": "",
            "averageWeight": null,
            "comparePrice": "2,11 kr",
            "comparePriceUnit": "st",
            "isDrugProduct": false,
            "solrSearchScore": 0.7614262700080872,
            "energyDeclaration": null,
            "newsSplashProduct": false,
            "notAllowedB2b": false,
            "notAllowedAnonymous": false,
            "productLine2": "ARVIDNORDQUIST, 17p",
            "pickupProductLine2": "ARVIDNORDQUIST, 17p",
            "priceUnit": "kr/st",
            "priceNoUnit": "35,95",
            "savingsAmount": 8.0,
            "googleAnalyticsCategory": "skafferi|te-och-chokladdryck|te",
            "gdprTrackingIncompliant": false,
            "nicotineMedicalProduct": false,
            "tobaccoFreeNicotineProduct": false,
            "nonEkoProduct": false,
            "precautionaryStatements": [],
            "hazards": [],
            "tobaccoProduct": false,
            "showGoodPriceIcon": false,
            "labels": [
                "fairtrade",
                "fairtrade_facet"
            ],
            "seoDescription": "",
            "seoTitle": "",
            "manufacturer": "Arvidnordquist",
            "incrementValue": 1.0,
            "productBasketType": {
                "code": "ST",
                "type": "ProductBasketTypeEnum"
            },
            "bargainProduct": false,
            "addToCartMessage": "",
            "thumbnail": {
                "imageType": "PRIMARY",
                "format": "thumbnail",
                "url": "https://assets.axfood.se/image/upload/f_auto,t_100/07310760534282_C1R1_s01",
                "altText": null,
                "galleryIndex": null,
                "width": null
            },
            "outOfStock": false,
            "online": true,
            "displayVolume": "17p",
            "addToCartDisabled": false,
            "name": "Skogsglänta Skandinavisk Twist Rooibos Hal/jordg Ft",
            "code": "101676416_ST"
        },
        {
            "potentialPromotions": [
                {
                    "threshold": null,
                    "applied": false,
                    "campaignType": "GENERAL",
                    "offerStatus": null,
                    "productCodes": [
                        "101436186_ST",
                        "101264126_ST",
                        "101290039_ST"
                    ],
                    "promotionTheme": {
                        "code": "Z001",
                        "visible": null
                    },
                    "textLabelGenerated": "",
                    "textLabelManual": null,
                    "lowestHistoricalPrice": {
                        "currencyIso": "SEK",
                        "value": 30.95,
                        "priceType": "BUY",
                        "formattedValue": "30,95 kr",
                        "minQuantity": null,
                        "maxQuantity": null
                    },
                    "price": {
                        "currencyIso": "SEK",
                        "value": 19.95,
                        "priceType": "BUY",
                        "formattedValue": "19,95 kr",
                        "minQuantity": null,
                        "maxQuantity": null
                    },
                    "promotionType": "MixMatchPricePromotion",
                    "conditionLabel": "",
                    "rewardLabel": "19,95 kr",
                    "textLabel": "",
                    "redeemLimitLabel": "",
                    "cartLabel": null,
                    "validUntil": null,
                    "timesUsed": null,
                    "qualifyingCount": 1,
                    "comparePrice": "266,00 kr",
                    "splashTitleText": "Kampanj",
                    "realMixAndMatch": false,
                    "mainProductCode": "101436186_ST",
                    "conditionLabelFormatted": "",
                    "promotionRedeemLimit": null,
                    "promotionPercentage": null,
                    "cartLabelFormatted": "",
                    "priority": 408,
                    "code": "2500269513"
                }
            ],
            "inactivePotentialPromotions": [],
            "priceValue": 31.95,
            "price": "31,95 kr",
            "image": {
                "imageType": "PRIMARY",
                "format": "product",
                "url": "https://assets.axfood.se/image/upload/f_auto,t_200/08001090559890_C1N1_s02",
                "altText": null,
                "galleryIndex": null,
                "width": null
            },
            "ranking": 340.911840395765,
            "depositPrice": "",
            "averageWeight": null,
            "comparePrice": "426,00 kr",
            "comparePriceUnit": "l",
            "isDrugProduct": false,
            "solrSearchScore": 0.7614262700080872,
            "energyDeclaration": null,
            "newsSplashProduct": false,
            "notAllowedB2b": false,
            "notAllowedAnonymous": false,
            "productLine2": "ORAL-B, 75ml",
            "pickupProductLine2": "ORAL-B, 75ml",
            "priceUnit": "kr/st",
            "priceNoUnit": "31,95",
            "savingsAmount": 12.0,
            "googleAnalyticsCategory": "halsa-och-skonhet|munvard|tandkram",
            "gdprTrackingIncompliant": false,
            "nicotineMedicalProduct": false,
            "tobaccoFreeNicotineProduct": false,
            "nonEkoProduct": false,
            "precautionaryStatements": [],
            "hazards": [],
            "tobaccoProduct": false,
            "showGoodPriceIcon": false,
            "labels": [],
            "seoDescription": "",
            "seoTitle": "",
            "manufacturer": "Oral-b",
            "incrementValue": 1.0,
            "productBasketType": {
                "code": "ST",
                "type": "ProductBasketTypeEnum"
            },
            "bargainProduct": false,
            "addToCartMessage": "",
            "thumbnail": {
                "imageType": "PRIMARY",
                "format": "thumbnail",
                "url": "https://assets.axfood.se/image/upload/f_auto,t_100/08001090559890_C1N1_s02",
                "altText": null,
                "galleryIndex": null,
                "width": null
            },
            "outOfStock": false,
            "online": true,
            "displayVolume": "75ml",
            "addToCartDisabled": false,
            "name": "Pro Expert Professional Protect Tandkräm",
            "code": "101436186_ST"
        },
        {
            "potentialPromotions": [
                {
                    "threshold": null,
                    "applied": false,
                    "campaignType": "GENERAL",
                    "offerStatus": null,
                    "productCodes": [
                        "101261189_ST",
                        "101261097_ST"
                    ],
                    "promotionTheme": {
                        "code": "Z001",
                        "visible": null
                    },
                    "textLabelGenerated": "",
                    "textLabelManual": null,
                    "lowestHistoricalPrice": {
                        "currencyIso": "SEK",
                        "value": 89.0,
                        "priceType": "BUY",
                        "formattedValue": "89,00 kr",
                        "minQuantity": null,
                        "maxQuantity": null
                    },
                    "price": {
                        "currencyIso": "SEK",
                        "value": 79.95,
                        "priceType": "BUY",
                        "formattedValue": "79,95 kr",
                        "minQuantity": null,
                        "maxQuantity": null
                    },
                    "promotionType": "MixMatchPricePromotion",
                    "conditionLabel": "",
                    "rewardLabel": "79,95 kr",
                    "textLabel": "",
                    "redeemLimitLabel": "",
                    "cartLabel": null,
                    "validUntil": null,
                    "timesUsed": null,
                    "qualifyingCount": 1,
                    "comparePrice": "399,75 kr",
                    "splashTitleText": "Kampanj",
                    "realMixAndMatch": false,
                    "mainProductCode": "101261189_ST",
                    "conditionLabelFormatted": "",
                    "promotionRedeemLimit": null,
                    "promotionPercentage": null,
                    "cartLabelFormatted": "",
                    "priority": 408,
                    "code": "2500272206"
                }
            ],
            "inactivePotentialPromotions": [],
            "priceValue": 89.0,
            "price": "89,00 kr",
            "image": {
                "imageType": "PRIMARY",
                "format": "product",
                "url": "https://assets.axfood.se/image/upload/f_auto,t_200/08711000538050_C1N1_s03",
                "altText": null,
                "galleryIndex": null,
                "width": null
            },
            "ranking": 340.9118403924882,
            "depositPrice": "",
            "averageWeight": null,
            "comparePrice": "445,00 kr",
            "comparePriceUnit": "kg",
            "isDrugProduct": false,
            "solrSearchScore": 0.7614262700080872,
            "energyDeclaration": null,
            "newsSplashProduct": false,
            "notAllowedB2b": false,
            "notAllowedAnonymous": false,
            "productLine2": "GEVALIA, 200g",
            "pickupProductLine2": "GEVALIA, 200g",
            "priceUnit": "kr/st",
            "priceNoUnit": "89,00",
            "savingsAmount": 9.05,
            "googleAnalyticsCategory": "skafferi|kaffe|snabbkaffe",
            "gdprTrackingIncompliant": false,
            "nicotineMedicalProduct": false,
            "tobaccoFreeNicotineProduct": false,
            "nonEkoProduct": false,
            "precautionaryStatements": [],
            "hazards": [],
            "tobaccoProduct": false,
            "showGoodPriceIcon": false,
            "labels": [],
            "seoDescription": "",
            "seoTitle": "",
            "manufacturer": "Gevalia",
            "incrementValue": 1.0,
            "productBasketType": {
                "code": "ST",
                "type": "ProductBasketTypeEnum"
            },
            "bargainProduct": false,
            "addToCartMessage": "",
            "thumbnail": {
                "imageType": "PRIMARY",
                "format": "thumbnail",
                "url": "https://assets.axfood.se/image/upload/f_auto,t_100/08711000538050_C1N1_s03",
                "altText": null,
                "galleryIndex": null,
                "width": null
            },
            "outOfStock": false,
            "online": true,
            "displayVolume": "200g",
            "addToCartDisabled": false,
            "name": "Original Mellanrost Snabbkaffe Refill",
            "code": "101261189_ST"
        },
        {
            "potentialPromotions": [
                {
                    "threshold": null,
                    "applied": false,
                    "campaignType": "GENERAL",
                    "offerStatus": null,
                    "productCodes": [
                        "101545128_ST",
                        "101776349_ST",
                        "101545107_ST"
                    ],
                    "promotionTheme": {
                        "code": "Z001",
                        "visible": null
                    },
                    "textLabelGenerated": "",
                    "textLabelManual": null,
                    "lowestHistoricalPrice": {
                        "currencyIso": "SEK",
                        "value": 21.95,
                        "priceType": "BUY",
                        "formattedValue": "21,95 kr",
                        "minQuantity": null,
                        "maxQuantity": null
                    },
                    "price": {
                        "currencyIso": "SEK",
                        "value": 17.95,
                        "priceType": "BUY",
                        "formattedValue": "17,95 kr",
                        "minQuantity": null,
                        "maxQuantity": null
                    },
                    "promotionType": "MixMatchPricePromotion",
                    "conditionLabel": "",
                    "rewardLabel": "17,95 kr",
                    "textLabel": "",
                    "redeemLimitLabel": "",
                    "cartLabel": null,
                    "validUntil": null,
                    "timesUsed": null,
                    "qualifyingCount": 1,
                    "comparePrice": "17,95 kr",
                    "splashTitleText": "Kampanj",
                    "realMixAndMatch": false,
                    "mainProductCode": "101545128_ST",
                    "conditionLabelFormatted": "",
                    "promotionRedeemLimit": null,
                    "promotionPercentage": null,
                    "cartLabelFormatted": "",
                    "priority": 408,
                    "code": "2500270509"
                }
            ],
            "inactivePotentialPromotions": [],
            "priceValue": 21.95,
            "price": "21,95 kr",
            "image": {
                "imageType": "PRIMARY",
                "format": "product",
                "url": "https://assets.axfood.se/image/upload/f_auto,t_200/07391637255202_C1L1_s01",
                "altText": null,
                "galleryIndex": null,
                "width": null
            },
            "ranking": 340.9118403892114,
            "depositPrice": "",
            "averageWeight": null,
            "comparePrice": "21,95 kr",
            "comparePriceUnit": "l",
            "isDrugProduct": false,
            "solrSearchScore": 0.7614262700080872,
            "energyDeclaration": null,
            "newsSplashProduct": false,
            "notAllowedB2b": false,
            "notAllowedAnonymous": false,
            "productLine2": "TROPIC DREAM, 1l",
            "pickupProductLine2": "TROPIC DREAM, 1l",
            "priceUnit": "kr/st",
            "priceNoUnit": "21,95",
            "savingsAmount": 4.0,
            "googleAnalyticsCategory": "dryck|juice-och-fruktdryck|-ej-kyld-fruktdryck",
            "gdprTrackingIncompliant": false,
            "nicotineMedicalProduct": false,
            "tobaccoFreeNicotineProduct": false,
            "nonEkoProduct": false,
            "precautionaryStatements": [],
            "hazards": [],
            "tobaccoProduct": false,
            "showGoodPriceIcon": false,
            "labels": [],
            "seoDescription": "",
            "seoTitle": "",
            "manufacturer": "Tropic Dream",
            "incrementValue": 1.0,
            "productBasketType": {
                "code": "ST",
                "type": "ProductBasketTypeEnum"
            },
            "bargainProduct": false,
            "addToCartMessage": "",
            "thumbnail": {
                "imageType": "PRIMARY",
                "format": "thumbnail",
                "url": "https://assets.axfood.se/image/upload/f_auto,t_100/07391637255202_C1L1_s01",
                "altText": null,
                "galleryIndex": null,
                "width": null
            },
            "outOfStock": false,
            "online": true,
            "displayVolume": "1l",
            "addToCartDisabled": false,
            "name": "Pineapple Low Calorie Fruktdryck",
            "code": "101545128_ST"
        },
        {
            "potentialPromotions": [
                {
                    "threshold": null,
                    "applied": false,
                    "campaignType": "GENERAL",
                    "offerStatus": null,
                    "productCodes": [
                        "101719900_ST",
                        "101719902_ST",
                        "101719901_ST",
                        "101720081_ST",
                        "101267416_ST",
                        "101762847_ST"
                    ],
                    "promotionTheme": {
                        "code": "Z001",
                        "visible": null
                    },
                    "textLabelGenerated": "",
                    "textLabelManual": null,
                    "lowestHistoricalPrice": {
                        "currencyIso": "SEK",
                        "value": 34.95,
                        "priceType": "BUY",
                        "formattedValue": "34,95 kr",
                        "minQuantity": null,
                        "maxQuantity": null
                    },
                    "price": {
                        "currencyIso": "SEK",
                        "value": 29.95,
                        "priceType": "BUY",
                        "formattedValue": "29,95 kr",
                        "minQuantity": null,
                        "maxQuantity": null
                    },
                    "promotionType": "MixMatchPricePromotion",
                    "conditionLabel": "",
                    "rewardLabel": "29,95 kr",
                    "textLabel": "",
                    "redeemLimitLabel": "",
                    "cartLabel": null,
                    "validUntil": null,
                    "timesUsed": null,
                    "qualifyingCount": 1,
                    "comparePrice": "199,67 kr",
                    "splashTitleText": "Kampanj",
                    "realMixAndMatch": false,
                    "mainProductCode": "101719900_ST",
                    "conditionLabelFormatted": "",
                    "promotionRedeemLimit": null,
                    "promotionPercentage": null,
                    "cartLabelFormatted": "",
                    "priority": 408,
                    "code": "2500269961"
                }
            ],
            "inactivePotentialPromotions": [],
            "priceValue": 39.95,
            "price": "39,95 kr",
            "image": {
                "imageType": "PRIMARY",
                "format": "product",
                "url": "https://assets.axfood.se/image/upload/f_auto,t_200/07622202264870_C1N1_s02",
                "altText": null,
                "galleryIndex": null,
                "width": null
            },
            "ranking": 340.9118403859346,
            "depositPrice": "",
            "averageWeight": null,
            "comparePrice": "266,33 kr",
            "comparePriceUnit": "kg",
            "isDrugProduct": false,
            "solrSearchScore": 0.7614262700080872,
            "energyDeclaration": null,
            "newsSplashProduct": false,
            "notAllowedB2b": false,
            "notAllowedAnonymous": false,
            "productLine2": "MARABOU, 150g",
            "pickupProductLine2": "MARABOU, 150g",
            "priceUnit": "kr/st",
            "priceNoUnit": "39,95",
            "savingsAmount": 10.0,
            "googleAnalyticsCategory": "godis-snacks-och-glass|choklad|chokladpasar",
            "gdprTrackingIncompliant": false,
            "nicotineMedicalProduct": false,
            "tobaccoFreeNicotineProduct": false,
            "nonEkoProduct": false,
            "precautionaryStatements": [],
            "hazards": [],
            "tobaccoProduct": false,
            "showGoodPriceIcon": false,
            "labels": [],
            "seoDescription": "",
            "seoTitle": "",
            "manufacturer": "Marabou",
            "incrementValue": 1.0,
            "productBasketType": {
                "code": "ST",
                "type": "ProductBasketTypeEnum"
            },
            "bargainProduct": false,
            "addToCartMessage": "",
            "thumbnail": {
                "imageType": "PRIMARY",
                "format": "thumbnail",
                "url": "https://assets.axfood.se/image/upload/f_auto,t_100/07622202264870_C1N1_s02",
                "altText": null,
                "galleryIndex": null,
                "width": null
            },
            "outOfStock": false,
            "online": true,
            "displayVolume": "150g",
            "addToCartDisabled": false,
            "name": "Non Stop",
            "code": "101719900_ST"
        },
        {
            "potentialPromotions": [
                {
                    "threshold": null,
                    "applied": false,
                    "campaignType": "GENERAL",
                    "offerStatus": null,
                    "productCodes": [
                        "101364656_ST",
                        "101364655_ST",
                        "101364660_ST",
                        "101364659_ST",
                        "101364658_ST",
                        "101489966_ST",
                        "101364662_ST",
                        "101364651_ST",
                        "101364653_ST",
                        "101364654_ST",
                        "101542821_ST",
                        "101542785_ST",
                        "101364661_ST",
                        "101364652_ST",
                        "101509378_ST",
                        "101595490_ST"
                    ],
                    "promotionTheme": {
                        "code": "Z001",
                        "visible": null
                    },
                    "textLabelGenerated": "",
                    "textLabelManual": null,
                    "lowestHistoricalPrice": {
                        "currencyIso": "SEK",
                        "value": 10.95,
                        "priceType": "BUY",
                        "formattedValue": "10,95 kr",
                        "minQuantity": null,
                        "maxQuantity": null
                    },
                    "price": {
                        "currencyIso": "SEK",
                        "value": 5.0,
                        "priceType": "BUY",
                        "formattedValue": "5,00 kr",
                        "minQuantity": null,
                        "maxQuantity": null
                    },
                    "promotionType": "MixMatchPricePromotion",
                    "conditionLabel": "",
                    "rewardLabel": "5 kr",
                    "textLabel": "",
                    "redeemLimitLabel": "",
                    "cartLabel": null,
                    "validUntil": null,
                    "timesUsed": null,
                    "qualifyingCount": 1,
                    "comparePrice": "15,15 kr",
                    "splashTitleText": "Kampanj",
                    "realMixAndMatch": false,
                    "mainProductCode": "101364656_ST",
                    "conditionLabelFormatted": "",
                    "promotionRedeemLimit": null,
                    "promotionPercentage": null,
                    "cartLabelFormatted": "",
                    "priority": 408,
                    "code": "2500269959"
                }
            ],
            "inactivePotentialPromotions": [],
            "priceValue": 10.95,
            "price": "10,95 kr",
            "image": {
                "imageType": "PRIMARY",
                "format": "product",
                "url": "https://assets.axfood.se/image/upload/f_auto,t_200/07310401046754_C1N1_s01",
                "altText": null,
                "galleryIndex": null,
                "width": null
            },
            "ranking": 340.9118403826578,
            "depositPrice": "1,00 kr",
            "averageWeight": null,
            "comparePrice": "33,18 kr",
            "comparePriceUnit": "l",
            "isDrugProduct": false,
            "solrSearchScore": 0.7614262700080872,
            "energyDeclaration": null,
            "newsSplashProduct": false,
            "notAllowedB2b": false,
            "notAllowedAnonymous": false,
            "productLine2": "TROCADERO, 33cl",
            "pickupProductLine2": "TROCADERO, 33cl",
            "priceUnit": "kr/st",
            "priceNoUnit": "10,95",
            "savingsAmount": 5.95,
            "googleAnalyticsCategory": "dryck|lask|lask-liten",
            "gdprTrackingIncompliant": false,
            "nicotineMedicalProduct": false,
            "tobaccoFreeNicotineProduct": false,
            "nonEkoProduct": false,
            "precautionaryStatements": [],
            "hazards": [],
            "tobaccoProduct": false,
            "showGoodPriceIcon": false,
            "labels": [],
            "seoDescription": "",
            "seoTitle": "",
            "manufacturer": "Trocadero",
            "incrementValue": 1.0,
            "productBasketType": {
                "code": "ST",
                "type": "ProductBasketTypeEnum"
            },
            "bargainProduct": false,
            "addToCartMessage": "",
            "thumbnail": {
                "imageType": "PRIMARY",
                "format": "thumbnail",
                "url": "https://assets.axfood.se/image/upload/f_auto,t_100/07310401046754_C1N1_s01",
                "altText": null,
                "galleryIndex": null,
                "width": null
            },
            "outOfStock": false,
            "online": true,
            "displayVolume": "33cl",
            "addToCartDisabled": false,
            "name": "Trocadero Zero Läsk Burk",
            "code": "101364656_ST"
        },
        {
            "potentialPromotions": [
                {
                    "threshold": null,
                    "applied": false,
                    "campaignType": "GENERAL",
                    "offerStatus": null,
                    "productCodes": [
                        "101238330_ST",
                        "101280119_ST",
                        "101719682_ST",
                        "101316169_ST",
                        "101266906_ST",
                        "101488853_ST"
                    ],
                    "promotionTheme": {
                        "code": "Z001",
                        "visible": null
                    },
                    "textLabelGenerated": "",
                    "textLabelManual": null,
                    "lowestHistoricalPrice": {
                        "currencyIso": "SEK",
                        "value": 16.95,
                        "priceType": "BUY",
                        "formattedValue": "16,95 kr",
                        "minQuantity": null,
                        "maxQuantity": null
                    },
                    "price": {
                        "currencyIso": "SEK",
                        "value": 12.0,
                        "priceType": "BUY",
                        "formattedValue": "12,00 kr",
                        "minQuantity": null,
                        "maxQuantity": null
                    },
                    "promotionType": "MixMatchPricePromotion",
                    "conditionLabel": "",
                    "rewardLabel": "12 kr",
                    "textLabel": "",
                    "redeemLimitLabel": "",
                    "cartLabel": null,
                    "validUntil": null,
                    "timesUsed": null,
                    "qualifyingCount": 1,
                    "comparePrice": "92,31 kr",
                    "splashTitleText": "Kampanj",
                    "realMixAndMatch": false,
                    "mainProductCode": "101238330_ST",
                    "conditionLabelFormatted": "",
                    "promotionRedeemLimit": null,
                    "promotionPercentage": null,
                    "cartLabelFormatted": "",
                    "priority": 408,
                    "code": "2500271086"
                }
            ],
            "inactivePotentialPromotions": [],
            "priceValue": 16.95,
            "price": "16,95 kr",
            "image": {
                "imageType": "PRIMARY",
                "format": "product",
                "url": "https://assets.axfood.se/image/upload/f_auto,t_200/05774540626505_C1N1_s03",
                "altText": null,
                "galleryIndex": null,
                "width": null
            },
            "ranking": 340.911840379381,
            "depositPrice": "",
            "averageWeight": null,
            "comparePrice": "130,38 kr",
            "comparePriceUnit": "kg",
            "isDrugProduct": false,
            "solrSearchScore": 0.7614262700080872,
            "energyDeclaration": null,
            "newsSplashProduct": false,
            "notAllowedB2b": false,
            "notAllowedAnonymous": false,
            "productLine2": "TOMS, 130g",
            "pickupProductLine2": "TOMS, 130g",
            "priceUnit": "kr/st",
            "priceNoUnit": "16,95",
            "savingsAmount": 4.95,
            "googleAnalyticsCategory": "godis-snacks-och-glass|godis|godispasar",
            "gdprTrackingIncompliant": false,
            "nicotineMedicalProduct": false,
            "tobaccoFreeNicotineProduct": false,
            "nonEkoProduct": false,
            "precautionaryStatements": [],
            "hazards": [],
            "tobaccoProduct": false,
            "showGoodPriceIcon": false,
            "labels": [],
            "seoDescription": "",
            "seoTitle": "",
            "manufacturer": "Toms",
            "incrementValue": 1.0,
            "productBasketType": {
                "code": "ST",
                "type": "ProductBasketTypeEnum"
            },
            "bargainProduct": false,
            "addToCartMessage": "",
            "thumbnail": {
                "imageType": "PRIMARY",
                "format": "thumbnail",
                "url": "https://assets.axfood.se/image/upload/f_auto,t_100/05774540626505_C1N1_s03",
                "altText": null,
                "galleryIndex": null,
                "width": null
            },
            "outOfStock": false,
            "online": true,
            "displayVolume": "130g",
            "addToCartDisabled": false,
            "name": "Ferrari Hallon Original",
            "code": "101238330_ST"
        },
        {
            "potentialPromotions": [
                {
                    "threshold": null,
                    "applied": false,
                    "campaignType": "GENERAL",
                    "offerStatus": null,
                    "productCodes": [
                        "100383381_ST"
                    ],
                    "promotionTheme": {
                        "code": "Z001",
                        "visible": null
                    },
                    "textLabelGenerated": "",
                    "textLabelManual": null,
                    "lowestHistoricalPrice": {
                        "currencyIso": "SEK",
                        "value": 41.95,
                        "priceType": "BUY",
                        "formattedValue": "41,95 kr",
                        "minQuantity": null,
                        "maxQuantity": null
                    },
                    "price": {
                        "currencyIso": "SEK",
                        "value": 38.95,
                        "priceType": "BUY",
                        "formattedValue": "38,95 kr",
                        "minQuantity": null,
                        "maxQuantity": null
                    },
                    "promotionType": "MixMatchPricePromotion",
                    "conditionLabel": "",
                    "rewardLabel": "38,95 kr",
                    "textLabel": "",
                    "redeemLimitLabel": "",
                    "cartLabel": null,
                    "validUntil": null,
                    "timesUsed": null,
                    "qualifyingCount": 1,
                    "comparePrice": "111,28 kr",
                    "splashTitleText": "Kampanj",
                    "realMixAndMatch": false,
                    "mainProductCode": "100383381_ST",
                    "conditionLabelFormatted": "",
                    "promotionRedeemLimit": null,
                    "promotionPercentage": null,
                    "cartLabelFormatted": "",
                    "priority": 408,
                    "code": "2500272133"
                }
            ],
            "inactivePotentialPromotions": [],
            "priceValue": 41.95,
            "price": "41,95 kr",
            "image": {
                "imageType": "PRIMARY",
                "format": "product",
                "url": "https://assets.axfood.se/image/upload/f_auto,t_200/00000080177173_C1L1_s01",
                "altText": null,
                "galleryIndex": null,
                "width": null
            },
            "ranking": 340.9118403761042,
            "depositPrice": "",
            "averageWeight": null,
            "comparePrice": "119,86 kr",
            "comparePriceUnit": "kg",
            "isDrugProduct": false,
            "solrSearchScore": 0.7614262700080872,
            "energyDeclaration": null,
            "newsSplashProduct": false,
            "notAllowedB2b": false,
            "notAllowedAnonymous": false,
            "productLine2": "NUTELLA, 350g",
            "pickupProductLine2": "NUTELLA, 350g",
            "priceUnit": "kr/st",
            "priceNoUnit": "41,95",
            "savingsAmount": 3.0,
            "googleAnalyticsCategory": "skafferi|bakning|baktillbehor",
            "gdprTrackingIncompliant": false,
            "nicotineMedicalProduct": false,
            "tobaccoFreeNicotineProduct": false,
            "nonEkoProduct": false,
            "precautionaryStatements": [],
            "hazards": [],
            "tobaccoProduct": false,
            "showGoodPriceIcon": false,
            "labels": [],
            "seoDescription": "",
            "seoTitle": "",
            "manufacturer": "Nutella",
            "incrementValue": 1.0,
            "productBasketType": {
                "code": "ST",
                "type": "ProductBasketTypeEnum"
            },
            "bargainProduct": false,
            "addToCartMessage": "",
            "thumbnail": {
                "imageType": "PRIMARY",
                "format": "thumbnail",
                "url": "https://assets.axfood.se/image/upload/f_auto,t_100/00000080177173_C1L1_s01",
                "altText": null,
                "galleryIndex": null,
                "width": null
            },
            "outOfStock": false,
            "online": true,
            "displayVolume": "350g",
            "addToCartDisabled": false,
            "name": "Nutella",
            "code": "100383381_ST"
        },
        {
            "potentialPromotions": [
                {
                    "threshold": null,
                    "applied": false,
                    "campaignType": "GENERAL",
                    "offerStatus": null,
                    "productCodes": [
                        "100008803_ST"
                    ],
                    "promotionTheme": {
                        "code": "Z001",
                        "visible": null
                    },
                    "textLabelGenerated": "",
                    "textLabelManual": null,
                    "lowestHistoricalPrice": {
                        "currencyIso": "SEK",
                        "value": 40.95,
                        "priceType": "BUY",
                        "formattedValue": "40,95 kr",
                        "minQuantity": null,
                        "maxQuantity": null
                    },
                    "price": {
                        "currencyIso": "SEK",
                        "value": 38.95,
                        "priceType": "BUY",
                        "formattedValue": "38,95 kr",
                        "minQuantity": null,
                        "maxQuantity": null
                    },
                    "promotionType": "MixMatchPricePromotion",
                    "conditionLabel": "",
                    "rewardLabel": "38,95 kr",
                    "textLabel": "",
                    "redeemLimitLabel": "",
                    "cartLabel": null,
                    "validUntil": null,
                    "timesUsed": null,
                    "qualifyingCount": 1,
                    "comparePrice": "48,69 kr",
                    "splashTitleText": "Kampanj",
                    "realMixAndMatch": false,
                    "mainProductCode": "100008803_ST",
                    "conditionLabelFormatted": "",
                    "promotionRedeemLimit": null,
                    "promotionPercentage": null,
                    "cartLabelFormatted": "",
                    "priority": 408,
                    "code": "2500269539"
                }
            ],
            "inactivePotentialPromotions": [],
            "priceValue": 40.95,
            "price": "40,95 kr",
            "image": {
                "imageType": "PRIMARY",
                "format": "product",
                "url": "https://assets.axfood.se/image/upload/f_auto,t_200/07300206787006_C1N1_s03",
                "altText": null,
                "galleryIndex": null,
                "width": null
            },
            "ranking": 340.9118403728274,
            "depositPrice": "",
            "averageWeight": null,
            "comparePrice": "51,19 kr",
            "comparePriceUnit": "kg",
            "isDrugProduct": false,
            "solrSearchScore": 0.7614262700080872,
            "energyDeclaration": null,
            "newsSplashProduct": false,
            "notAllowedB2b": false,
            "notAllowedAnonymous": false,
            "productLine2": "SCAN, 800g",
            "pickupProductLine2": "SCAN, 800g",
            "priceUnit": "kr/st",
            "priceNoUnit": "40,95",
            "savingsAmount": 2.0,
            "googleAnalyticsCategory": "kott-fagel-och-chark|korv|falukorv",
            "gdprTrackingIncompliant": false,
            "nicotineMedicalProduct": false,
            "tobaccoFreeNicotineProduct": false,
            "nonEkoProduct": false,
            "precautionaryStatements": [],
            "hazards": [],
            "tobaccoProduct": false,
            "showGoodPriceIcon": false,
            "labels": [
                "swedish_flag",
                "meat_from_sweden"
            ],
            "seoDescription": "",
            "seoTitle": "",
            "manufacturer": "Scan",
            "incrementValue": 1.0,
            "productBasketType": {
                "code": "ST",
                "type": "ProductBasketTypeEnum"
            },
            "bargainProduct": false,
            "addToCartMessage": "",
            "thumbnail": {
                "imageType": "PRIMARY",
                "format": "thumbnail",
                "url": "https://assets.axfood.se/image/upload/f_auto,t_100/07300206787006_C1N1_s03",
                "altText": null,
                "galleryIndex": null,
                "width": null
            },
            "outOfStock": false,
            "online": true,
            "displayVolume": "800g",
            "addToCartDisabled": false,
            "name": "Falukorv Ring",
            "code": "100008803_ST"
        },
        {
            "potentialPromotions": [
                {
                    "threshold": null,
                    "applied": false,
                    "campaignType": "GENERAL",
                    "offerStatus": null,
                    "productCodes": [
                        "101273278_ST",
                        "101260252_ST"
                    ],
                    "promotionTheme": {
                        "code": "Z001",
                        "visible": null
                    },
                    "textLabelGenerated": "",
                    "textLabelManual": null,
                    "lowestHistoricalPrice": {
                        "currencyIso": "SEK",
                        "value": 25.95,
                        "priceType": "BUY",
                        "formattedValue": "25,95 kr",
                        "minQuantity": null,
                        "maxQuantity": null
                    },
                    "price": {
                        "currencyIso": "SEK",
                        "value": 20.0,
                        "priceType": "BUY",
                        "formattedValue": "20,00 kr",
                        "minQuantity": null,
                        "maxQuantity": null
                    },
                    "promotionType": "MixMatchPricePromotion",
                    "conditionLabel": "",
                    "rewardLabel": "20 kr",
                    "textLabel": "",
                    "redeemLimitLabel": "",
                    "cartLabel": null,
                    "validUntil": null,
                    "timesUsed": null,
                    "qualifyingCount": 1,
                    "comparePrice": "20,00 kr",
                    "splashTitleText": "Kampanj",
                    "realMixAndMatch": false,
                    "mainProductCode": "101273278_ST",
                    "conditionLabelFormatted": "",
                    "promotionRedeemLimit": null,
                    "promotionPercentage": null,
                    "cartLabelFormatted": "",
                    "priority": 408,
                    "code": "2500269492"
                }
            ],
            "inactivePotentialPromotions": [],
            "priceValue": 25.95,
            "price": "25,95 kr",
            "image": {
                "imageType": "PRIMARY",
                "format": "product",
                "url": "https://assets.axfood.se/image/upload/f_auto,t_200/07340083463075_C1L1_s02",
                "altText": null,
                "galleryIndex": null,
                "width": null
            },
            "ranking": 340.9118403695506,
            "depositPrice": "",
            "averageWeight": null,
            "comparePrice": "25,95 kr",
            "comparePriceUnit": "l",
            "isDrugProduct": false,
            "solrSearchScore": 0.7614262700080872,
            "energyDeclaration": null,
            "newsSplashProduct": false,
            "notAllowedB2b": false,
            "notAllowedAnonymous": false,
            "productLine2": "GARANT EKO, 1l",
            "pickupProductLine2": "GARANT EKO, 1l",
            "priceUnit": "kr/st",
            "priceNoUnit": "25,95",
            "savingsAmount": 5.95,
            "googleAnalyticsCategory": "mejeri-ost-och-agg|vaxtbaserat|vaxtbaserad-dryck",
            "gdprTrackingIncompliant": false,
            "nicotineMedicalProduct": false,
            "tobaccoFreeNicotineProduct": false,
            "nonEkoProduct": false,
            "precautionaryStatements": [],
            "hazards": [],
            "tobaccoProduct": false,
            "showGoodPriceIcon": false,
            "labels": [
                "ecological",
                "eu_ecological"
            ],
            "seoDescription": "",
            "seoTitle": "",
            "manufacturer": "Garant Eko",
            "incrementValue": 1.0,
            "productBasketType": {
                "code": "ST",
                "type": "ProductBasketTypeEnum"
            },
            "bargainProduct": false,
            "addToCartMessage": "",
            "thumbnail": {
                "imageType": "PRIMARY",
                "format": "thumbnail",
                "url": "https://assets.axfood.se/image/upload/f_auto,t_100/07340083463075_C1L1_s02",
                "altText": null,
                "galleryIndex": null,
                "width": null
            },
            "outOfStock": false,
            "online": true,
            "displayVolume": "1l",
            "addToCartDisabled": false,
            "name": "Mandeldryck Ekologisk 1,4%",
            "code": "101273278_ST"
        },
        {
            "potentialPromotions": [
                {
                    "threshold": 0.0,
                    "applied": false,
                    "campaignType": "GENERAL",
                    "offerStatus": null,
                    "productCodes": null,
                    "promotionTheme": {
                        "code": "Z001",
                        "visible": null
                    },
                    "textLabelGenerated": "",
                    "textLabelManual": null,
                    "lowestHistoricalPrice": {
                        "currencyIso": "SEK",
                        "value": 119.0,
                        "priceType": "BUY",
                        "formattedValue": "119,00 kr/kg",
                        "minQuantity": null,
                        "maxQuantity": null
                    },
                    "price": {
                        "currencyIso": "SEK",
                        "value": 99.0,
                        "priceType": "BUY",
                        "formattedValue": "99,00 kr/kg",
                        "minQuantity": null,
                        "maxQuantity": null
                    },
                    "promotionType": "SubtotalOrderPromotion",
                    "conditionLabel": "",
                    "rewardLabel": "99 kr/kg",
                    "textLabel": "",
                    "redeemLimitLabel": "",
                    "cartLabel": null,
                    "validUntil": null,
                    "timesUsed": null,
                    "qualifyingCount": null,
                    "comparePrice": "99,00 kr/kg",
                    "splashTitleText": "Kampanj",
                    "realMixAndMatch": false,
                    "mainProductCode": "101511232_KG",
                    "conditionLabelFormatted": "",
                    "promotionRedeemLimit": null,
                    "promotionPercentage": null,
                    "cartLabelFormatted": "",
                    "priority": 409,
                    "code": "2500275270"
                }
            ],
            "inactivePotentialPromotions": [],
            "priceValue": 119.0,
            "price": "119,00 kr/kg",
            "image": {
                "imageType": "PRIMARY",
                "format": "product",
                "url": "https://assets.axfood.se/image/upload/f_auto,t_200/02320173000002_C1N1_s03",
                "altText": null,
                "galleryIndex": null,
                "width": null
            },
            "ranking": 340.9118403662738,
            "depositPrice": "",
            "averageWeight": 0.8,
            "comparePrice": "119,00 kr",
            "comparePriceUnit": "kg",
            "isDrugProduct": false,
            "solrSearchScore": 0.7614262700080872,
            "energyDeclaration": null,
            "newsSplashProduct": false,
            "notAllowedB2b": false,
            "notAllowedAnonymous": false,
            "productLine2": "SCAN, ca: 800g",
            "pickupProductLine2": "SCAN, ca: 800g",
            "priceUnit": "kr/kg",
            "priceNoUnit": "119,00",
            "savingsAmount": 20.0,
            "googleAnalyticsCategory": "kott-fagel-och-chark|kott|flaskkott",
            "gdprTrackingIncompliant": false,
            "nicotineMedicalProduct": false,
            "tobaccoFreeNicotineProduct": false,
            "nonEkoProduct": false,
            "precautionaryStatements": [],
            "hazards": [],
            "tobaccoProduct": false,
            "showGoodPriceIcon": false,
            "labels": [
                "swedish_flag",
                "meat_from_sweden"
            ],
            "seoDescription": "",
            "seoTitle": "",
            "manufacturer": "Scan",
            "incrementValue": 1.0,
            "productBasketType": {
                "code": "ST",
                "type": "ProductBasketTypeEnum"
            },
            "bargainProduct": false,
            "addToCartMessage": "",
            "thumbnail": {
                "imageType": "PRIMARY",
                "format": "thumbnail",
                "url": "https://assets.axfood.se/image/upload/f_auto,t_100/02320173000002_C1N1_s03",
                "altText": null,
                "galleryIndex": null,
                "width": null
            },
            "outOfStock": false,
            "online": true,
            "displayVolume": "ca: 800g",
            "addToCartDisabled": false,
            "name": "Julskinka Mini Färdigkokt Sverige",
            "code": "101511232_KG"
        },
        {
            "potentialPromotions": [
                {
                    "threshold": null,
                    "applied": false,
                    "campaignType": "GENERAL",
                    "offerStatus": null,
                    "productCodes": [
                        "101509066_ST",
                        "101509067_ST"
                    ],
                    "promotionTheme": {
                        "code": "Z001",
                        "visible": null
                    },
                    "textLabelGenerated": "",
                    "textLabelManual": null,
                    "lowestHistoricalPrice": {
                        "currencyIso": "SEK",
                        "value": 12.5,
                        "priceType": "BUY",
                        "formattedValue": "12,50 kr",
                        "minQuantity": null,
                        "maxQuantity": null
                    },
                    "price": {
                        "currencyIso": "SEK",
                        "value": 8.0,
                        "priceType": "BUY",
                        "formattedValue": "8,00 kr",
                        "minQuantity": null,
                        "maxQuantity": null
                    },
                    "promotionType": "MixMatchPricePromotion",
                    "conditionLabel": "",
                    "rewardLabel": "8 kr",
                    "textLabel": "",
                    "redeemLimitLabel": "",
                    "cartLabel": null,
                    "validUntil": null,
                    "timesUsed": null,
                    "qualifyingCount": 1,
                    "comparePrice": "53,33 kr",
                    "splashTitleText": "Kampanj",
                    "realMixAndMatch": false,
                    "mainProductCode": "101509066_ST",
                    "conditionLabelFormatted": "",
                    "promotionRedeemLimit": null,
                    "promotionPercentage": null,
                    "cartLabelFormatted": "",
                    "priority": 408,
                    "code": "2500273772"
                }
            ],
            "inactivePotentialPromotions": [],
            "priceValue": 12.5,
            "price": "12,50 kr",
            "image": {
                "imageType": "PRIMARY",
                "format": "product",
                "url": "https://assets.axfood.se/image/upload/f_auto,t_200/07038010070839_C1C1_s01",
                "altText": null,
                "galleryIndex": null,
                "width": null
            },
            "ranking": 340.911840362997,
            "depositPrice": "",
            "averageWeight": null,
            "comparePrice": "83,33 kr",
            "comparePriceUnit": "kg",
            "isDrugProduct": false,
            "solrSearchScore": 0.7614262700080872,
            "energyDeclaration": null,
            "newsSplashProduct": false,
            "notAllowedB2b": false,
            "notAllowedAnonymous": false,
            "productLine2": "TINE, 150g",
            "pickupProductLine2": "TINE, 150g",
            "priceUnit": "kr/st",
            "priceNoUnit": "12,50",
            "savingsAmount": 4.5,
            "googleAnalyticsCategory": "mejeri-ost-och-agg|mellanmal-och-desserter|smamal-och-dricka-nu",
            "gdprTrackingIncompliant": false,
            "nicotineMedicalProduct": false,
            "tobaccoFreeNicotineProduct": false,
            "nonEkoProduct": false,
            "precautionaryStatements": [],
            "hazards": [],
            "tobaccoProduct": false,
            "showGoodPriceIcon": false,
            "labels": [],
            "seoDescription": "",
            "seoTitle": "",
            "manufacturer": "Tine",
            "incrementValue": 1.0,
            "productBasketType": {
                "code": "ST",
                "type": "ProductBasketTypeEnum"
            },
            "bargainProduct": false,
            "addToCartMessage": "",
            "thumbnail": {
                "imageType": "PRIMARY",
                "format": "thumbnail",
                "url": "https://assets.axfood.se/image/upload/f_auto,t_100/07038010070839_C1C1_s01",
                "altText": null,
                "galleryIndex": null,
                "width": null
            },
            "outOfStock": false,
            "online": true,
            "displayVolume": "150g",
            "addToCartDisabled": false,
            "name": "Jordgubb Rislunsj",
            "code": "101509066_ST"
        },
        {
            "potentialPromotions": [
                {
                    "threshold": null,
                    "applied": false,
                    "campaignType": "GENERAL",
                    "offerStatus": null,
                    "productCodes": [
                        "101748537_ST",
                        "101748540_ST",
                        "101748541_ST"
                    ],
                    "promotionTheme": {
                        "code": "Z001",
                        "visible": null
                    },
                    "textLabelGenerated": "",
                    "textLabelManual": null,
                    "lowestHistoricalPrice": {
                        "currencyIso": "SEK",
                        "value": 67.95,
                        "priceType": "BUY",
                        "formattedValue": "67,95 kr",
                        "minQuantity": null,
                        "maxQuantity": null
                    },
                    "price": {
                        "currencyIso": "SEK",
                        "value": 59.95,
                        "priceType": "BUY",
                        "formattedValue": "59,95 kr",
                        "minQuantity": null,
                        "maxQuantity": null
                    },
                    "promotionType": "MixMatchPricePromotion",
                    "conditionLabel": "",
                    "rewardLabel": "59,95 kr",
                    "textLabel": "",
                    "redeemLimitLabel": "",
                    "cartLabel": null,
                    "validUntil": null,
                    "timesUsed": null,
                    "qualifyingCount": 1,
                    "comparePrice": "134,72 kr",
                    "splashTitleText": "Kampanj",
                    "realMixAndMatch": false,
                    "mainProductCode": "101748537_ST",
                    "conditionLabelFormatted": "",
                    "promotionRedeemLimit": null,
                    "promotionPercentage": null,
                    "cartLabelFormatted": "",
                    "priority": 408,
                    "code": "2500275271"
                }
            ],
            "inactivePotentialPromotions": [],
            "priceValue": 69.95,
            "price": "69,95 kr",
            "image": {
                "imageType": "PRIMARY",
                "format": "product",
                "url": "https://assets.axfood.se/image/upload/f_auto,t_200/07311043014798_C1L1_s01",
                "altText": null,
                "galleryIndex": null,
                "width": null
            },
            "ranking": 340.9118403597202,
            "depositPrice": "",
            "averageWeight": null,
            "comparePrice": "157,19 kr",
            "comparePriceUnit": "kg",
            "isDrugProduct": false,
            "solrSearchScore": 0.7614262700080872,
            "energyDeclaration": null,
            "newsSplashProduct": true,
            "notAllowedB2b": false,
            "notAllowedAnonymous": false,
            "productLine2": "GARANT, 445g",
            "pickupProductLine2": "GARANT, 445g",
            "priceUnit": "kr/st",
            "priceNoUnit": "69,95",
            "savingsAmount": 10.0,
            "googleAnalyticsCategory": "kott-fagel-och-chark|kott|pannfardigt",
            "gdprTrackingIncompliant": false,
            "nicotineMedicalProduct": false,
            "tobaccoFreeNicotineProduct": false,
            "nonEkoProduct": false,
            "precautionaryStatements": [],
            "hazards": [],
            "tobaccoProduct": false,
            "showGoodPriceIcon": false,
            "labels": [
                "swedish_flag",
                "meat_from_sweden"
            ],
            "seoDescription": "",
            "seoTitle": "",
            "manufacturer": "Garant",
            "incrementValue": 1.0,
            "productBasketType": {
                "code": "ST",
                "type": "ProductBasketTypeEnum"
            },
            "bargainProduct": false,
            "addToCartMessage": "",
            "thumbnail": {
                "imageType": "PRIMARY",
                "format": "thumbnail",
                "url": "https://assets.axfood.se/image/upload/f_auto,t_100/07311043014798_C1L1_s01",
                "altText": null,
                "galleryIndex": null,
                "width": null
            },
            "outOfStock": false,
            "online": true,
            "displayVolume": "445g",
            "addToCartDisabled": false,
            "name": "Ribs Rökta",
            "code": "101748537_ST"
        },
        {
            "potentialPromotions": [
                {
                    "threshold": null,
                    "applied": false,
                    "campaignType": "GENERAL",
                    "offerStatus": null,
                    "productCodes": [
                        "101599080_ST"
                    ],
                    "promotionTheme": {
                        "code": "Z001",
                        "visible": null
                    },
                    "textLabelGenerated": "",
                    "textLabelManual": null,
                    "lowestHistoricalPrice": null,
                    "price": {
                        "currencyIso": "SEK",
                        "value": 62.95,
                        "priceType": "BUY",
                        "formattedValue": "62,95 kr",
                        "minQuantity": null,
                        "maxQuantity": null
                    },
                    "promotionType": "MixMatchPricePromotion",
                    "conditionLabel": "",
                    "rewardLabel": "62,95 kr",
                    "textLabel": "",
                    "redeemLimitLabel": "",
                    "cartLabel": null,
                    "validUntil": null,
                    "timesUsed": null,
                    "qualifyingCount": 1,
                    "comparePrice": "125,90 kr",
                    "splashTitleText": "Kampanj",
                    "realMixAndMatch": false,
                    "mainProductCode": "101599080_ST",
                    "conditionLabelFormatted": "",
                    "promotionRedeemLimit": null,
                    "promotionPercentage": null,
                    "cartLabelFormatted": "",
                    "priority": 408,
                    "code": "2500275272"
                }
            ],
            "inactivePotentialPromotions": [],
            "priceValue": 71.95,
            "price": "71,95 kr",
            "image": {
                "imageType": "PRIMARY",
                "format": "product",
                "url": "https://assets.axfood.se/image/upload/f_auto,t_200/07311043011957_C1N1_s02",
                "altText": null,
                "galleryIndex": null,
                "width": null
            },
            "ranking": 340.9118403564434,
            "depositPrice": "",
            "averageWeight": null,
            "comparePrice": "143,90 kr",
            "comparePriceUnit": "kg",
            "isDrugProduct": false,
            "solrSearchScore": 0.7614262700080872,
            "energyDeclaration": null,
            "newsSplashProduct": false,
            "notAllowedB2b": false,
            "notAllowedAnonymous": false,
            "productLine2": "GARANT EKO, 500g",
            "pickupProductLine2": "GARANT EKO, 500g",
            "priceUnit": "kr/st",
            "priceNoUnit": "71,95",
            "savingsAmount": 9.0,
            "googleAnalyticsCategory": "kott-fagel-och-chark|kott|kottfars",
            "gdprTrackingIncompliant": false,
            "nicotineMedicalProduct": false,
            "tobaccoFreeNicotineProduct": false,
            "nonEkoProduct": false,
            "precautionaryStatements": [],
            "hazards": [],
            "tobaccoProduct": false,
            "showGoodPriceIcon": false,
            "labels": [
                "ecological",
                "krav",
                "swedish_flag",
                "meat_from_sweden",
                "eu_ecological"
            ],
            "seoDescription": "",
            "seoTitle": "",
            "manufacturer": "Garant Eko",
            "incrementValue": 1.0,
            "productBasketType": {
                "code": "ST",
                "type": "ProductBasketTypeEnum"
            },
            "bargainProduct": false,
            "addToCartMessage": "",
            "thumbnail": {
                "imageType": "PRIMARY",
                "format": "thumbnail",
                "url": "https://assets.axfood.se/image/upload/f_auto,t_100/07311043011957_C1N1_s02",
                "altText": null,
                "galleryIndex": null,
                "width": null
            },
            "outOfStock": false,
            "online": true,
            "displayVolume": "500g",
            "addToCartDisabled": false,
            "name": "Blandfärs 21%",
            "code": "101599080_ST"
        },
        {
            "potentialPromotions": [
                {
                    "threshold": null,
                    "applied": false,
                    "campaignType": "GENERAL",
                    "offerStatus": null,
                    "productCodes": [
                        "101255989_ST",
                        "101255971_ST",
                        "101255896_ST",
                        "101514590_ST",
                        "101680454_ST",
                        "101255988_ST"
                    ],
                    "promotionTheme": {
                        "code": "Z001",
                        "visible": null
                    },
                    "textLabelGenerated": "",
                    "textLabelManual": null,
                    "lowestHistoricalPrice": {
                        "currencyIso": "SEK",
                        "value": 55.95,
                        "priceType": "BUY",
                        "formattedValue": "55,95 kr",
                        "minQuantity": null,
                        "maxQuantity": null
                    },
                    "price": {
                        "currencyIso": "SEK",
                        "value": 44.95,
                        "priceType": "BUY",
                        "formattedValue": "44,95 kr",
                        "minQuantity": null,
                        "maxQuantity": null
                    },
                    "promotionType": "MixMatchPricePromotion",
                    "conditionLabel": "",
                    "rewardLabel": "44,95 kr",
                    "textLabel": "",
                    "redeemLimitLabel": "",
                    "cartLabel": null,
                    "validUntil": null,
                    "timesUsed": null,
                    "qualifyingCount": 1,
                    "comparePrice": "249,72 kr",
                    "splashTitleText": "Kampanj",
                    "realMixAndMatch": false,
                    "mainProductCode": "101255989_ST",
                    "conditionLabelFormatted": "",
                    "promotionRedeemLimit": null,
                    "promotionPercentage": null,
                    "cartLabelFormatted": "",
                    "priority": 408,
                    "code": "2500269962"
                }
            ],
            "inactivePotentialPromotions": [],
            "priceValue": 55.95,
            "price": "55,95 kr",
            "image": {
                "imageType": "PRIMARY",
                "format": "product",
                "url": "https://assets.axfood.se/image/upload/f_auto,t_200/08717677336654_C1N1_s01",
                "altText": null,
                "galleryIndex": null,
                "width": null
            },
            "ranking": 340.9118403531666,
            "depositPrice": "",
            "averageWeight": null,
            "comparePrice": "310,84 kr",
            "comparePriceUnit": "kg",
            "isDrugProduct": false,
            "solrSearchScore": 0.7614262700080872,
            "energyDeclaration": null,
            "newsSplashProduct": false,
            "notAllowedB2b": false,
            "notAllowedAnonymous": false,
            "productLine2": "TONY´S, 180g",
            "pickupProductLine2": "TONY´S, 180g",
            "priceUnit": "kr/st",
            "priceNoUnit": "55,95",
            "savingsAmount": 11.0,
            "googleAnalyticsCategory": "godis-snacks-och-glass|choklad|chokladgodis",
            "gdprTrackingIncompliant": false,
            "nicotineMedicalProduct": false,
            "tobaccoFreeNicotineProduct": false,
            "nonEkoProduct": false,
            "precautionaryStatements": [],
            "hazards": [],
            "tobaccoProduct": false,
            "showGoodPriceIcon": false,
            "labels": [
                "fairtrade",
                "fairtrade_facet"
            ],
            "seoDescription": "",
            "seoTitle": "",
            "manufacturer": "Tony´s",
            "incrementValue": 1.0,
            "productBasketType": {
                "code": "ST",
                "type": "ProductBasketTypeEnum"
            },
            "bargainProduct": false,
            "addToCartMessage": "",
            "thumbnail": {
                "imageType": "PRIMARY",
                "format": "thumbnail",
                "url": "https://assets.axfood.se/image/upload/f_auto,t_100/08717677336654_C1N1_s01",
                "altText": null,
                "galleryIndex": null,
                "width": null
            },
            "outOfStock": false,
            "online": true,
            "displayVolume": "180g",
            "addToCartDisabled": false,
            "name": "Caramel Sea Salt Ljus Choklad",
            "code": "101255989_ST"
        },
        {
            "potentialPromotions": [
                {
                    "threshold": null,
                    "applied": false,
                    "campaignType": "GENERAL",
                    "offerStatus": null,
                    "productCodes": [
                        "101174045_ST"
                    ],
                    "promotionTheme": {
                        "code": "Z001",
                        "visible": null
                    },
                    "textLabelGenerated": "",
                    "textLabelManual": null,
                    "lowestHistoricalPrice": {
                        "currencyIso": "SEK",
                        "value": 10.95,
                        "priceType": "BUY",
                        "formattedValue": "10,95 kr",
                        "minQuantity": null,
                        "maxQuantity": null
                    },
                    "price": {
                        "currencyIso": "SEK",
                        "value": 8.95,
                        "priceType": "BUY",
                        "formattedValue": "8,95 kr",
                        "minQuantity": null,
                        "maxQuantity": null
                    },
                    "promotionType": "MixMatchPricePromotion",
                    "conditionLabel": "",
                    "rewardLabel": "8,95 kr",
                    "textLabel": "",
                    "redeemLimitLabel": "",
                    "cartLabel": null,
                    "validUntil": null,
                    "timesUsed": null,
                    "qualifyingCount": 1,
                    "comparePrice": "63,93 kr",
                    "splashTitleText": "Kampanj",
                    "realMixAndMatch": false,
                    "mainProductCode": "101174045_ST",
                    "conditionLabelFormatted": "",
                    "promotionRedeemLimit": null,
                    "promotionPercentage": null,
                    "cartLabelFormatted": "",
                    "priority": 408,
                    "code": "2500269844"
                }
            ],
            "inactivePotentialPromotions": [],
            "priceValue": 10.95,
            "price": "10,95 kr",
            "image": {
                "imageType": "PRIMARY",
                "format": "product",
                "url": "https://assets.axfood.se/image/upload/f_auto,t_200/07311041064474_C1C1_s02",
                "altText": null,
                "galleryIndex": null,
                "width": null
            },
            "ranking": 340.911840346613,
            "depositPrice": "",
            "averageWeight": null,
            "comparePrice": "78,21 kr",
            "comparePriceUnit": "kg",
            "isDrugProduct": false,
            "solrSearchScore": 0.7614262700080872,
            "energyDeclaration": null,
            "newsSplashProduct": false,
            "notAllowedB2b": false,
            "notAllowedAnonymous": false,
            "productLine2": "GARANT, 140g",
            "pickupProductLine2": "GARANT, 140g",
            "priceUnit": "kr/st",
            "priceNoUnit": "10,95",
            "savingsAmount": 2.0,
            "googleAnalyticsCategory": "skafferi|bakning|baktillbehor",
            "gdprTrackingIncompliant": false,
            "nicotineMedicalProduct": false,
            "tobaccoFreeNicotineProduct": false,
            "nonEkoProduct": false,
            "precautionaryStatements": [],
            "hazards": [],
            "tobaccoProduct": false,
            "showGoodPriceIcon": false,
            "labels": [],
            "seoDescription": "",
            "seoTitle": "",
            "manufacturer": "Garant",
            "incrementValue": 1.0,
            "productBasketType": {
                "code": "ST",
                "type": "ProductBasketTypeEnum"
            },
            "bargainProduct": false,
            "addToCartMessage": "",
            "thumbnail": {
                "imageType": "PRIMARY",
                "format": "thumbnail",
                "url": "https://assets.axfood.se/image/upload/f_auto,t_100/07311041064474_C1C1_s02",
                "altText": null,
                "galleryIndex": null,
                "width": null
            },
            "outOfStock": false,
            "online": true,
            "displayVolume": "140g",
            "addToCartDisabled": false,
            "name": "Vanillinsocker",
            "code": "101174045_ST"
        },
        {
            "potentialPromotions": [
                {
                    "threshold": null,
                    "applied": false,
                    "campaignType": "GENERAL",
                    "offerStatus": null,
                    "productCodes": [
                        "101174046_ST"
                    ],
                    "promotionTheme": {
                        "code": "Z001",
                        "visible": null
                    },
                    "textLabelGenerated": "",
                    "textLabelManual": null,
                    "lowestHistoricalPrice": {
                        "currencyIso": "SEK",
                        "value": 15.95,
                        "priceType": "BUY",
                        "formattedValue": "15,95 kr",
                        "minQuantity": null,
                        "maxQuantity": null
                    },
                    "price": {
                        "currencyIso": "SEK",
                        "value": 13.95,
                        "priceType": "BUY",
                        "formattedValue": "13,95 kr",
                        "minQuantity": null,
                        "maxQuantity": null
                    },
                    "promotionType": "MixMatchPricePromotion",
                    "conditionLabel": "",
                    "rewardLabel": "13,95 kr",
                    "textLabel": "",
                    "redeemLimitLabel": "",
                    "cartLabel": null,
                    "validUntil": null,
                    "timesUsed": null,
                    "qualifyingCount": 1,
                    "comparePrice": "62,00 kr",
                    "splashTitleText": "Kampanj",
                    "realMixAndMatch": false,
                    "mainProductCode": "101174046_ST",
                    "conditionLabelFormatted": "",
                    "promotionRedeemLimit": null,
                    "promotionPercentage": null,
                    "cartLabelFormatted": "",
                    "priority": 408,
                    "code": "2500269843"
                }
            ],
            "inactivePotentialPromotions": [],
            "priceValue": 16.95,
            "price": "16,95 kr",
            "image": {
                "imageType": "PRIMARY",
                "format": "product",
                "url": "https://assets.axfood.se/image/upload/f_auto,t_200/07311041064481_C1C1_s02",
                "altText": null,
                "galleryIndex": null,
                "width": null
            },
            "ranking": 340.9118403433362,
            "depositPrice": "",
            "averageWeight": null,
            "comparePrice": "75,33 kr",
            "comparePriceUnit": "kg",
            "isDrugProduct": false,
            "solrSearchScore": 0.7614262700080872,
            "energyDeclaration": null,
            "newsSplashProduct": false,
            "notAllowedB2b": false,
            "notAllowedAnonymous": false,
            "productLine2": "GARANT, 225g",
            "pickupProductLine2": "GARANT, 225g",
            "priceUnit": "kr/st",
            "priceNoUnit": "16,95",
            "savingsAmount": 3.0,
            "googleAnalyticsCategory": "skafferi|bakning|baktillbehor",
            "gdprTrackingIncompliant": false,
            "nicotineMedicalProduct": false,
            "tobaccoFreeNicotineProduct": false,
            "nonEkoProduct": false,
            "precautionaryStatements": [],
            "hazards": [],
            "tobaccoProduct": false,
            "showGoodPriceIcon": false,
            "labels": [],
            "seoDescription": "",
            "seoTitle": "",
            "manufacturer": "Garant",
            "incrementValue": 1.0,
            "productBasketType": {
                "code": "ST",
                "type": "ProductBasketTypeEnum"
            },
            "bargainProduct": false,
            "addToCartMessage": "",
            "thumbnail": {
                "imageType": "PRIMARY",
                "format": "thumbnail",
                "url": "https://assets.axfood.se/image/upload/f_auto,t_100/07311041064481_C1C1_s02",
                "altText": null,
                "galleryIndex": null,
                "width": null
            },
            "outOfStock": false,
            "online": true,
            "displayVolume": "225g",
            "addToCartDisabled": false,
            "name": "Bakpulver",
            "code": "101174046_ST"
        },
        {
            "potentialPromotions": [
                {
                    "threshold": 0.0,
                    "applied": false,
                    "campaignType": "GENERAL",
                    "offerStatus": null,
                    "productCodes": null,
                    "promotionTheme": {
                        "code": "Z001",
                        "visible": null
                    },
                    "textLabelGenerated": "",
                    "textLabelManual": null,
                    "lowestHistoricalPrice": null,
                    "price": {
                        "currencyIso": "SEK",
                        "value": 279.0,
                        "priceType": "BUY",
                        "formattedValue": "279,00 kr/kg",
                        "minQuantity": null,
                        "maxQuantity": null
                    },
                    "promotionType": "SubtotalOrderPromotion",
                    "conditionLabel": "",
                    "rewardLabel": "279 kr/kg",
                    "textLabel": "",
                    "redeemLimitLabel": "",
                    "cartLabel": null,
                    "validUntil": null,
                    "timesUsed": null,
                    "qualifyingCount": null,
                    "comparePrice": "279,00 kr/kg",
                    "splashTitleText": "Kampanj",
                    "realMixAndMatch": false,
                    "mainProductCode": "101240523_KG",
                    "conditionLabelFormatted": "",
                    "promotionRedeemLimit": null,
                    "promotionPercentage": null,
                    "cartLabelFormatted": "",
                    "priority": 409,
                    "code": "2500275273"
                }
            ],
            "inactivePotentialPromotions": [],
            "priceValue": 369.0,
            "price": "369,00 kr/kg",
            "image": {
                "imageType": "PRIMARY",
                "format": "product",
                "url": "https://assets.axfood.se/image/upload/f_auto,t_200/02380100900003_C1N1_s03",
                "altText": null,
                "galleryIndex": null,
                "width": null
            },
            "ranking": 340.9118403400594,
            "depositPrice": "",
            "averageWeight": 0.5,
            "comparePrice": "369,00 kr",
            "comparePriceUnit": "kg",
            "isDrugProduct": false,
            "solrSearchScore": 0.7614262700080872,
            "energyDeclaration": null,
            "newsSplashProduct": false,
            "notAllowedB2b": false,
            "notAllowedAnonymous": false,
            "productLine2": "REKO, ca: 500g",
            "pickupProductLine2": "REKO, ca: 500g",
            "priceUnit": "kr/kg",
            "priceNoUnit": "369,00",
            "savingsAmount": 90.0,
            "googleAnalyticsCategory": "kott-fagel-och-chark|fagel-|farsk-fagel",
            "gdprTrackingIncompliant": false,
            "nicotineMedicalProduct": false,
            "tobaccoFreeNicotineProduct": false,
            "nonEkoProduct": false,
            "precautionaryStatements": [],
            "hazards": [],
            "tobaccoProduct": false,
            "showGoodPriceIcon": false,
            "labels": [
                "ecological",
                "krav",
                "eu_ecological"
            ],
            "seoDescription": "",
            "seoTitle": "",
            "manufacturer": "Reko",
            "incrementValue": 1.0,
            "productBasketType": {
                "code": "ST",
                "type": "ProductBasketTypeEnum"
            },
            "bargainProduct": false,
            "addToCartMessage": "",
            "thumbnail": {
                "imageType": "PRIMARY",
                "format": "thumbnail",
                "url": "https://assets.axfood.se/image/upload/f_auto,t_100/02380100900003_C1N1_s03",
                "altText": null,
                "galleryIndex": null,
                "width": null
            },
            "outOfStock": false,
            "online": true,
            "displayVolume": "ca: 500g",
            "addToCartDisabled": false,
            "name": "Kycklingbröst Filé Svensk",
            "code": "101240523_KG"
        },
        {
            "potentialPromotions": [
                {
                    "threshold": null,
                    "applied": false,
                    "campaignType": "GENERAL",
                    "offerStatus": null,
                    "productCodes": [
                        "101551759_ST"
                    ],
                    "promotionTheme": {
                        "code": "Z001",
                        "visible": null
                    },
                    "textLabelGenerated": "",
                    "textLabelManual": null,
                    "lowestHistoricalPrice": {
                        "currencyIso": "SEK",
                        "value": 24.95,
                        "priceType": "BUY",
                        "formattedValue": "24,95 kr",
                        "minQuantity": null,
                        "maxQuantity": null
                    },
                    "price": {
                        "currencyIso": "SEK",
                        "value": 22.95,
                        "priceType": "BUY",
                        "formattedValue": "22,95 kr",
                        "minQuantity": null,
                        "maxQuantity": null
                    },
                    "promotionType": "MixMatchPricePromotion",
                    "conditionLabel": "",
                    "rewardLabel": "22,95 kr",
                    "textLabel": "",
                    "redeemLimitLabel": "",
                    "cartLabel": null,
                    "validUntil": null,
                    "timesUsed": null,
                    "qualifyingCount": 1,
                    "comparePrice": "30,60 kr",
                    "splashTitleText": "Kampanj",
                    "realMixAndMatch": false,
                    "mainProductCode": "101551759_ST",
                    "conditionLabelFormatted": "",
                    "promotionRedeemLimit": null,
                    "promotionPercentage": null,
                    "cartLabelFormatted": "",
                    "priority": 408,
                    "code": "2500269793"
                }
            ],
            "inactivePotentialPromotions": [],
            "priceValue": 24.95,
            "price": "24,95 kr",
            "image": {
                "imageType": "PRIMARY",
                "format": "product",
                "url": "https://assets.axfood.se/image/upload/f_auto,t_200/07311043009091_C1N1_s01",
                "altText": null,
                "galleryIndex": null,
                "width": null
            },
            "ranking": 340.9118403367826,
            "depositPrice": "",
            "averageWeight": null,
            "comparePrice": "33,27 kr",
            "comparePriceUnit": "kg",
            "isDrugProduct": false,
            "solrSearchScore": 0.7614262700080872,
            "energyDeclaration": null,
            "newsSplashProduct": false,
            "notAllowedB2b": false,
            "notAllowedAnonymous": false,
            "productLine2": "GARANT, 750g",
            "pickupProductLine2": "GARANT, 750g",
            "priceUnit": "kr/st",
            "priceNoUnit": "24,95",
            "savingsAmount": 2.0,
            "googleAnalyticsCategory": "fryst|potatis|pommes-frites-och-stripes",
            "gdprTrackingIncompliant": false,
            "nicotineMedicalProduct": false,
            "tobaccoFreeNicotineProduct": false,
            "nonEkoProduct": false,
            "precautionaryStatements": [],
            "hazards": [],
            "tobaccoProduct": false,
            "showGoodPriceIcon": false,
            "labels": [],
            "seoDescription": "",
            "seoTitle": "",
            "manufacturer": "Garant",
            "incrementValue": 1.0,
            "productBasketType": {
                "code": "ST",
                "type": "ProductBasketTypeEnum"
            },
            "bargainProduct": false,
            "addToCartMessage": "",
            "thumbnail": {
                "imageType": "PRIMARY",
                "format": "thumbnail",
                "url": "https://assets.axfood.se/image/upload/f_auto,t_100/07311043009091_C1N1_s01",
                "altText": null,
                "galleryIndex": null,
                "width": null
            },
            "outOfStock": false,
            "online": true,
            "displayVolume": "750g",
            "addToCartDisabled": false,
            "name": "Crunchy Fries",
            "code": "101551759_ST"
        },
        {
            "potentialPromotions": [
                {
                    "threshold": 300.0,
                    "applied": false,
                    "campaignType": "GENERAL",
                    "offerStatus": null,
                    "productCodes": null,
                    "promotionTheme": {
                        "code": "Z019",
                        "visible": null
                    },
                    "textLabelGenerated": "Handla för 300 kr, betala 99 kr",
                    "textLabelManual": null,
                    "lowestHistoricalPrice": {
                        "currencyIso": "SEK",
                        "value": 105.0,
                        "priceType": "BUY",
                        "formattedValue": "105,00 kr",
                        "minQuantity": null,
                        "maxQuantity": null
                    },
                    "price": {
                        "currencyIso": "SEK",
                        "value": 99.0,
                        "priceType": "BUY",
                        "formattedValue": "99,00 kr",
                        "minQuantity": null,
                        "maxQuantity": null
                    },
                    "promotionType": "SubtotalOrderPromotion",
                    "conditionLabel": "",
                    "rewardLabel": "99 kr",
                    "textLabel": "Handla för 300 kr, betala 99 kr",
                    "redeemLimitLabel": "",
                    "cartLabel": null,
                    "validUntil": null,
                    "timesUsed": null,
                    "qualifyingCount": null,
                    "comparePrice": "2,67 kr",
                    "splashTitleText": "Alltid bra pris",
                    "realMixAndMatch": false,
                    "mainProductCode": "101327095_ST",
                    "conditionLabelFormatted": "",
                    "promotionRedeemLimit": null,
                    "promotionPercentage": null,
                    "cartLabelFormatted": "",
                    "priority": 210,
                    "code": "10009465322"
                }
            ],
            "inactivePotentialPromotions": [],
            "priceValue": 105.0,
            "price": "105,00 kr",
            "image": {
                "imageType": "PRIMARY",
                "format": "product",
                "url": "https://assets.axfood.se/image/upload/f_auto,t_200/07310361148550_C1C1_s01",
                "altText": null,
                "galleryIndex": null,
                "width": null
            },
            "ranking": 21.9110905197458,
            "depositPrice": "",
            "averageWeight": null,
            "comparePrice": "2,84 kr",
            "comparePriceUnit": "st",
            "isDrugProduct": false,
            "solrSearchScore": 0.7614262700080872,
            "energyDeclaration": null,
            "newsSplashProduct": false,
            "notAllowedB2b": false,
            "notAllowedAnonymous": false,
            "productLine2": "LIBERO, 37p",
            "pickupProductLine2": "LIBERO, 37p",
            "priceUnit": "kr/st",
            "priceNoUnit": "105,00",
            "savingsAmount": 6.0,
            "googleAnalyticsCategory": "barn|blojor|blojor",
            "gdprTrackingIncompliant": false,
            "nicotineMedicalProduct": false,
            "tobaccoFreeNicotineProduct": false,
            "nonEkoProduct": false,
            "precautionaryStatements": [],
            "hazards": [],
            "tobaccoProduct": false,
            "showGoodPriceIcon": true,
            "labels": [
                "swan",
                "allergy_approved",
                "environmental_facet"
            ],
            "seoDescription": "",
            "seoTitle": "",
            "manufacturer": "Libero",
            "incrementValue": 1.0,
            "productBasketType": {
                "code": "ST",
                "type": "ProductBasketTypeEnum"
            },
            "bargainProduct": false,
            "addToCartMessage": "",
            "thumbnail": {
                "imageType": "PRIMARY",
                "format": "thumbnail",
                "url": "https://assets.axfood.se/image/upload/f_auto,t_100/07310361148550_C1C1_s01",
                "altText": null,
                "galleryIndex": null,
                "width": null
            },
            "outOfStock": false,
            "online": true,
            "displayVolume": "37p",
            "addToCartDisabled": false,
            "name": "Comfort 4 7-12kg Öppna Blöjor",
            "code": "101615621_ST"
        },
        {
            "potentialPromotions": [
                {
                    "threshold": null,
                    "applied": false,
                    "campaignType": "GENERAL",
                    "offerStatus": null,
                    "productCodes": [
                        "100178184_ST",
                        "101203305_ST"
                    ],
                    "promotionTheme": {
                        "code": "Z019",
                        "visible": null
                    },
                    "textLabelGenerated": "Alltid bra pris!",
                    "textLabelManual": null,
                    "lowestHistoricalPrice": null,
                    "price": {
                        "currencyIso": "SEK",
                        "value": 8.333333333333334,
                        "priceType": "BUY",
                        "formattedValue": "8,33 kr",
                        "minQuantity": null,
                        "maxQuantity": null
                    },
                    "promotionType": "MixMatchPricePromotion",
                    "conditionLabel": "3 för",
                    "rewardLabel": "25 kr",
                    "textLabel": "Alltid bra pris!",
                    "redeemLimitLabel": "",
                    "cartLabel": null,
                    "validUntil": null,
                    "timesUsed": null,
                    "qualifyingCount": 3,
                    "comparePrice": "46,30 kr",
                    "splashTitleText": "Alltid bra pris",
                    "realMixAndMatch": true,
                    "mainProductCode": "100178184_ST",
                    "conditionLabelFormatted": "",
                    "promotionRedeemLimit": null,
                    "promotionPercentage": null,
                    "cartLabelFormatted": "",
                    "priority": 208,
                    "code": "10009731817"
                }
            ],
            "inactivePotentialPromotions": [],
            "priceValue": 8.95,
            "price": "8,95 kr",
            "image": {
                "imageType": "PRIMARY",
                "format": "product",
                "url": "https://assets.axfood.se/image/upload/f_auto,t_200/07311042005445_C1C1_s01",
                "altText": null,
                "galleryIndex": null,
                "width": null
            },
            "ranking": 20.9118406022034,
            "depositPrice": "",
            "averageWeight": 0.2,
            "comparePrice": "49,72 kr",
            "comparePriceUnit": "kg",
            "isDrugProduct": false,
            "solrSearchScore": 0.7614262700080872,
            "energyDeclaration": null,
            "newsSplashProduct": false,
            "notAllowedB2b": false,
            "notAllowedAnonymous": false,
            "productLine2": "170g",
            "pickupProductLine2": "170g",
            "priceUnit": "kr/st",
            "priceNoUnit": "8,95",
            "savingsAmount": 1.849999999999998,
            "googleAnalyticsCategory": "frukt-och-gront|frukt|exotisk-frukt",
            "gdprTrackingIncompliant": false,
            "nicotineMedicalProduct": false,
            "tobaccoFreeNicotineProduct": false,
            "nonEkoProduct": false,
            "precautionaryStatements": [],
            "hazards": [],
            "tobaccoProduct": false,
            "showGoodPriceIcon": true,
            "labels": [
                "keyhole"
            ],
            "seoDescription": "",
            "seoTitle": "",
            "manufacturer": null,
            "incrementValue": 1.0,
            "productBasketType": {
                "code": "ST",
                "type": "ProductBasketTypeEnum"
            },
            "bargainProduct": false,
            "addToCartMessage": "",
            "thumbnail": {
                "imageType": "PRIMARY",
                "format": "thumbnail",
                "url": "https://assets.axfood.se/image/upload/f_auto,t_100/07311042005445_C1C1_s01",
                "altText": null,
                "galleryIndex": null,
                "width": null
            },
            "outOfStock": false,
            "online": true,
            "displayVolume": "170g",
            "addToCartDisabled": false,
            "name": "Persimon",
            "code": "100178184_ST"
        },
        {
            "potentialPromotions": [
                {
                    "threshold": null,
                    "applied": false,
                    "campaignType": "GENERAL",
                    "offerStatus": null,
                    "productCodes": [
                        "100268130_ST"
                    ],
                    "promotionTheme": {
                        "code": "Z019",
                        "visible": null
                    },
                    "textLabelGenerated": "Alltid bra pris!",
                    "textLabelManual": null,
                    "lowestHistoricalPrice": null,
                    "price": {
                        "currencyIso": "SEK",
                        "value": 12.5,
                        "priceType": "BUY",
                        "formattedValue": "12,50 kr",
                        "minQuantity": null,
                        "maxQuantity": null
                    },
                    "promotionType": "MixMatchPricePromotion",
                    "conditionLabel": "2 för",
                    "rewardLabel": "25 kr",
                    "textLabel": "Alltid bra pris!",
                    "redeemLimitLabel": "",
                    "cartLabel": null,
                    "validUntil": null,
                    "timesUsed": null,
                    "qualifyingCount": 2,
                    "comparePrice": "35,01 kr",
                    "splashTitleText": "Alltid bra pris",
                    "realMixAndMatch": false,
                    "mainProductCode": "100268130_ST",
                    "conditionLabelFormatted": "",
                    "promotionRedeemLimit": null,
                    "promotionPercentage": null,
                    "cartLabelFormatted": "",
                    "priority": 208,
                    "code": "10009731816"
                }
            ],
            "inactivePotentialPromotions": [],
            "priceValue": 13.95,
            "price": "13,95 kr",
            "image": {
                "imageType": "PRIMARY",
                "format": "product",
                "url": "https://assets.axfood.se/image/upload/f_auto,t_200/07311042002338_C1N0_s01",
                "altText": null,
                "galleryIndex": null,
                "width": null
            },
            "ranking": 20.9118405989266,
            "depositPrice": "",
            "averageWeight": null,
            "comparePrice": "39,08 kr",
            "comparePriceUnit": "kg",
            "isDrugProduct": false,
            "solrSearchScore": 0.7614262700080872,
            "energyDeclaration": null,
            "newsSplashProduct": false,
            "notAllowedB2b": false,
            "notAllowedAnonymous": false,
            "productLine2": "ca 360g",
            "pickupProductLine2": "ca 360g",
            "priceUnit": "kr/st",
            "priceNoUnit": "13,95",
            "savingsAmount": 2.9,
            "googleAnalyticsCategory": "frukt-och-gront|gronsaker|aubergine-och-zucchini",
            "gdprTrackingIncompliant": false,
            "nicotineMedicalProduct": false,
            "tobaccoFreeNicotineProduct": false,
            "nonEkoProduct": false,
            "precautionaryStatements": [],
            "hazards": [],
            "tobaccoProduct": false,
            "showGoodPriceIcon": true,
            "labels": [
                "keyhole"
            ],
            "seoDescription": "",
            "seoTitle": "",
            "manufacturer": null,
            "incrementValue": 1.0,
            "productBasketType": {
                "code": "ST",
                "type": "ProductBasketTypeEnum"
            },
            "bargainProduct": false,
            "addToCartMessage": "",
            "thumbnail": {
                "imageType": "PRIMARY",
                "format": "thumbnail",
                "url": "https://assets.axfood.se/image/upload/f_auto,t_100/07311042002338_C1N0_s01",
                "altText": null,
                "galleryIndex": null,
                "width": null
            },
            "outOfStock": false,
            "online": true,
            "displayVolume": "ca 360g",
            "addToCartDisabled": false,
            "name": "Zucchini Klass 1",
            "code": "100268130_ST"
        },
        {
            "potentialPromotions": [
                {
                    "threshold": null,
                    "applied": false,
                    "campaignType": "GENERAL",
                    "offerStatus": null,
                    "productCodes": [
                        "100927035_ST"
                    ],
                    "promotionTheme": {
                        "code": "Z019",
                        "visible": null
                    },
                    "textLabelGenerated": "Alltid bra pris!",
                    "textLabelManual": null,
                    "lowestHistoricalPrice": null,
                    "price": {
                        "currencyIso": "SEK",
                        "value": 10.0,
                        "priceType": "BUY",
                        "formattedValue": "10,00 kr",
                        "minQuantity": null,
                        "maxQuantity": null
                    },
                    "promotionType": "MixMatchPricePromotion",
                    "conditionLabel": "2 för",
                    "rewardLabel": "20 kr",
                    "textLabel": "Alltid bra pris!",
                    "redeemLimitLabel": "",
                    "cartLabel": null,
                    "validUntil": null,
                    "timesUsed": null,
                    "qualifyingCount": 2,
                    "comparePrice": "80,00 kr",
                    "splashTitleText": "Alltid bra pris",
                    "realMixAndMatch": false,
                    "mainProductCode": "100927035_ST",
                    "conditionLabelFormatted": "",
                    "promotionRedeemLimit": null,
                    "promotionPercentage": null,
                    "cartLabelFormatted": "",
                    "priority": 208,
                    "code": "10009731815"
                }
            ],
            "inactivePotentialPromotions": [],
            "priceValue": 11.95,
            "price": "11,95 kr",
            "image": {
                "imageType": "PRIMARY",
                "format": "product",
                "url": "https://assets.axfood.se/image/upload/f_auto,t_200/07311042001850_C1N1_s01",
                "altText": null,
                "galleryIndex": null,
                "width": null
            },
            "ranking": 20.9118405956498,
            "depositPrice": "",
            "averageWeight": null,
            "comparePrice": "95,60 kr",
            "comparePriceUnit": "kg",
            "isDrugProduct": false,
            "solrSearchScore": 0.7614262700080872,
            "energyDeclaration": null,
            "newsSplashProduct": false,
            "notAllowedB2b": false,
            "notAllowedAnonymous": false,
            "productLine2": "125g",
            "pickupProductLine2": "125g",
            "priceUnit": "kr/st",
            "priceNoUnit": "11,95",
            "savingsAmount": 3.9,
            "googleAnalyticsCategory": "frukt-och-gront|gronsaker|ovriga-gronsaker",
            "gdprTrackingIncompliant": false,
            "nicotineMedicalProduct": false,
            "tobaccoFreeNicotineProduct": false,
            "nonEkoProduct": false,
            "precautionaryStatements": [],
            "hazards": [],
            "tobaccoProduct": false,
            "showGoodPriceIcon": true,
            "labels": [
                "keyhole"
            ],
            "seoDescription": "",
            "seoTitle": "",
            "manufacturer": null,
            "incrementValue": 1.0,
            "productBasketType": {
                "code": "ST",
                "type": "ProductBasketTypeEnum"
            },
            "bargainProduct": false,
            "addToCartMessage": "",
            "thumbnail": {
                "imageType": "PRIMARY",
                "format": "thumbnail",
                "url": "https://assets.axfood.se/image/upload/f_auto,t_100/07311042001850_C1N1_s01",
                "altText": null,
                "galleryIndex": null,
                "width": null
            },
            "outOfStock": false,
            "online": true,
            "displayVolume": "125g",
            "addToCartDisabled": false,
            "name": "Rädisor i Strut",
            "code": "100927035_ST"
        },
        {
            "potentialPromotions": [
                {
                    "threshold": null,
                    "applied": false,
                    "campaignType": "GENERAL",
                    "offerStatus": null,
                    "productCodes": [
                        "100266196_ST"
                    ],
                    "promotionTheme": {
                        "code": "Z019",
                        "visible": null
                    },
                    "textLabelGenerated": "Alltid bra pris!",
                    "textLabelManual": null,
                    "lowestHistoricalPrice": null,
                    "price": {
                        "currencyIso": "SEK",
                        "value": 12.5,
                        "priceType": "BUY",
                        "formattedValue": "12,50 kr",
                        "minQuantity": null,
                        "maxQuantity": null
                    },
                    "promotionType": "MixMatchPricePromotion",
                    "conditionLabel": "2 för",
                    "rewardLabel": "25 kr",
                    "textLabel": "Alltid bra pris!",
                    "redeemLimitLabel": "",
                    "cartLabel": null,
                    "validUntil": null,
                    "timesUsed": null,
                    "qualifyingCount": 2,
                    "comparePrice": "33,33 kr",
                    "splashTitleText": "Alltid bra pris",
                    "realMixAndMatch": false,
                    "mainProductCode": "100266196_ST",
                    "conditionLabelFormatted": "",
                    "promotionRedeemLimit": null,
                    "promotionPercentage": null,
                    "cartLabelFormatted": "",
                    "priority": 208,
                    "code": "10009731814"
                }
            ],
            "inactivePotentialPromotions": [],
            "priceValue": 13.95,
            "price": "13,95 kr",
            "image": {
                "imageType": "PRIMARY",
                "format": "product",
                "url": "https://assets.axfood.se/image/upload/f_auto,t_200/07311042002505_C1N0_s01",
                "altText": null,
                "galleryIndex": null,
                "width": null
            },
            "ranking": 20.911840592373,
            "depositPrice": "",
            "averageWeight": null,
            "comparePrice": "37,20 kr",
            "comparePriceUnit": "kg",
            "isDrugProduct": false,
            "solrSearchScore": 0.7614262700080872,
            "energyDeclaration": null,
            "newsSplashProduct": false,
            "notAllowedB2b": false,
            "notAllowedAnonymous": false,
            "productLine2": "ca375g",
            "pickupProductLine2": "ca375g",
            "priceUnit": "kr/st",
            "priceNoUnit": "13,95",
            "savingsAmount": 2.9,
            "googleAnalyticsCategory": "frukt-och-gront|potatis",
            "gdprTrackingIncompliant": false,
            "nicotineMedicalProduct": false,
            "tobaccoFreeNicotineProduct": false,
            "nonEkoProduct": false,
            "precautionaryStatements": [],
            "hazards": [],
            "tobaccoProduct": false,
            "showGoodPriceIcon": true,
            "labels": [
                "keyhole"
            ],
            "seoDescription": "",
            "seoTitle": "",
            "manufacturer": null,
            "incrementValue": 1.0,
            "productBasketType": {
                "code": "ST",
                "type": "ProductBasketTypeEnum"
            },
            "bargainProduct": false,
            "addToCartMessage": "",
            "thumbnail": {
                "imageType": "PRIMARY",
                "format": "thumbnail",
                "url": "https://assets.axfood.se/image/upload/f_auto,t_100/07311042002505_C1N0_s01",
                "altText": null,
                "galleryIndex": null,
                "width": null
            },
            "outOfStock": false,
            "online": true,
            "displayVolume": "ca375g",
            "addToCartDisabled": false,
            "name": "Bakpotatis Klass 1",
            "code": "100266196_ST"
        },
        {
            "potentialPromotions": [
                {
                    "threshold": null,
                    "applied": false,
                    "campaignType": "GENERAL",
                    "offerStatus": null,
                    "productCodes": [
                        "100257650_ST"
                    ],
                    "promotionTheme": {
                        "code": "Z019",
                        "visible": null
                    },
                    "textLabelGenerated": "Alltid bra pris!",
                    "textLabelManual": null,
                    "lowestHistoricalPrice": null,
                    "price": {
                        "currencyIso": "SEK",
                        "value": 9.0,
                        "priceType": "BUY",
                        "formattedValue": "9,00 kr",
                        "minQuantity": null,
                        "maxQuantity": null
                    },
                    "promotionType": "MixMatchPricePromotion",
                    "conditionLabel": "2 för",
                    "rewardLabel": "18 kr",
                    "textLabel": "Alltid bra pris!",
                    "redeemLimitLabel": "",
                    "cartLabel": null,
                    "validUntil": null,
                    "timesUsed": null,
                    "qualifyingCount": 2,
                    "comparePrice": "180,00 kr",
                    "splashTitleText": "Alltid bra pris",
                    "realMixAndMatch": false,
                    "mainProductCode": "100257650_ST",
                    "conditionLabelFormatted": "",
                    "promotionRedeemLimit": null,
                    "promotionPercentage": null,
                    "cartLabelFormatted": "",
                    "priority": 208,
                    "code": "10009731813"
                }
            ],
            "inactivePotentialPromotions": [],
            "priceValue": 9.95,
            "price": "9,95 kr",
            "image": {
                "imageType": "PRIMARY",
                "format": "product",
                "url": "https://assets.axfood.se/image/upload/f_auto,t_200/07311042003915_C1C0_s01",
                "altText": null,
                "galleryIndex": null,
                "width": null
            },
            "ranking": 20.9118405890962,
            "depositPrice": "",
            "averageWeight": null,
            "comparePrice": "199,00 kr",
            "comparePriceUnit": "kg",
            "isDrugProduct": false,
            "solrSearchScore": 0.7614262700080872,
            "energyDeclaration": null,
            "newsSplashProduct": false,
            "notAllowedB2b": false,
            "notAllowedAnonymous": false,
            "productLine2": "ca50g",
            "pickupProductLine2": "ca50g",
            "priceUnit": "kr/st",
            "priceNoUnit": "9,95",
            "savingsAmount": 1.9,
            "googleAnalyticsCategory": "frukt-och-gront|frukt|exotisk-frukt",
            "gdprTrackingIncompliant": false,
            "nicotineMedicalProduct": false,
            "tobaccoFreeNicotineProduct": false,
            "nonEkoProduct": false,
            "precautionaryStatements": [],
            "hazards": [],
            "tobaccoProduct": false,
            "showGoodPriceIcon": true,
            "labels": [
                "keyhole"
            ],
            "seoDescription": "",
            "seoTitle": "",
            "manufacturer": null,
            "incrementValue": 1.0,
            "productBasketType": {
                "code": "ST",
                "type": "ProductBasketTypeEnum"
            },
            "bargainProduct": false,
            "addToCartMessage": "",
            "thumbnail": {
                "imageType": "PRIMARY",
                "format": "thumbnail",
                "url": "https://assets.axfood.se/image/upload/f_auto,t_100/07311042003915_C1C0_s01",
                "altText": null,
                "galleryIndex": null,
                "width": null
            },
            "outOfStock": false,
            "online": true,
            "displayVolume": "ca50g",
            "addToCartDisabled": false,
            "name": "Passionsfrukt",
            "code": "100257650_ST"
        },
        {
            "potentialPromotions": [
                {
                    "threshold": null,
                    "applied": false,
                    "campaignType": "GENERAL",
                    "offerStatus": null,
                    "productCodes": [
                        "101432533_ST"
                    ],
                    "promotionTheme": {
                        "code": "Z019",
                        "visible": null
                    },
                    "textLabelGenerated": "Alltid bra pris!",
                    "textLabelManual": null,
                    "lowestHistoricalPrice": null,
                    "price": {
                        "currencyIso": "SEK",
                        "value": 15.0,
                        "priceType": "BUY",
                        "formattedValue": "15,00 kr",
                        "minQuantity": null,
                        "maxQuantity": null
                    },
                    "promotionType": "MixMatchPricePromotion",
                    "conditionLabel": "2 för",
                    "rewardLabel": "30 kr",
                    "textLabel": "Alltid bra pris!",
                    "redeemLimitLabel": "",
                    "cartLabel": null,
                    "validUntil": null,
                    "timesUsed": null,
                    "qualifyingCount": 2,
                    "comparePrice": "45,05 kr",
                    "splashTitleText": "Alltid bra pris",
                    "realMixAndMatch": false,
                    "mainProductCode": "101432533_ST",
                    "conditionLabelFormatted": "",
                    "promotionRedeemLimit": null,
                    "promotionPercentage": null,
                    "cartLabelFormatted": "",
                    "priority": 208,
                    "code": "10009731812"
                }
            ],
            "inactivePotentialPromotions": [],
            "priceValue": 19.95,
            "price": "19,95 kr",
            "image": {
                "imageType": "PRIMARY",
                "format": "product",
                "url": "https://assets.axfood.se/image/upload/f_auto,t_200/07311042012252_C1N1_s01",
                "altText": null,
                "galleryIndex": null,
                "width": null
            },
            "ranking": 20.9118405858194,
            "depositPrice": "",
            "averageWeight": null,
            "comparePrice": "59,91 kr",
            "comparePriceUnit": "kg",
            "isDrugProduct": false,
            "solrSearchScore": 0.7614262700080872,
            "energyDeclaration": null,
            "newsSplashProduct": false,
            "notAllowedB2b": false,
            "notAllowedAnonymous": false,
            "productLine2": "ca333g",
            "pickupProductLine2": "ca333g",
            "priceUnit": "kr/st",
            "priceNoUnit": "19,95",
            "savingsAmount": 9.9,
            "googleAnalyticsCategory": "frukt-och-gront|frukt|exotisk-frukt",
            "gdprTrackingIncompliant": false,
            "nicotineMedicalProduct": false,
            "tobaccoFreeNicotineProduct": false,
            "nonEkoProduct": false,
            "precautionaryStatements": [],
            "hazards": [],
            "tobaccoProduct": false,
            "showGoodPriceIcon": true,
            "labels": [
                "keyhole"
            ],
            "seoDescription": "",
            "seoTitle": "",
            "manufacturer": null,
            "incrementValue": 1.0,
            "productBasketType": {
                "code": "ST",
                "type": "ProductBasketTypeEnum"
            },
            "bargainProduct": false,
            "addToCartMessage": "",
            "thumbnail": {
                "imageType": "PRIMARY",
                "format": "thumbnail",
                "url": "https://assets.axfood.se/image/upload/f_auto,t_100/07311042012252_C1N1_s01",
                "altText": null,
                "galleryIndex": null,
                "width": null
            },
            "outOfStock": false,
            "online": true,
            "displayVolume": "ca333g",
            "addToCartDisabled": false,
            "name": "Mango Ätmogen",
            "code": "101432533_ST"
        },
        {
            "potentialPromotions": [
                {
                    "threshold": null,
                    "applied": false,
                    "campaignType": "GENERAL",
                    "offerStatus": null,
                    "productCodes": [
                        "101331906_ST"
                    ],
                    "promotionTheme": {
                        "code": "Z019",
                        "visible": null
                    },
                    "textLabelGenerated": "Alltid bra pris!",
                    "textLabelManual": null,
                    "lowestHistoricalPrice": null,
                    "price": {
                        "currencyIso": "SEK",
                        "value": 12.0,
                        "priceType": "BUY",
                        "formattedValue": "12,00 kr",
                        "minQuantity": null,
                        "maxQuantity": null
                    },
                    "promotionType": "MixMatchPricePromotion",
                    "conditionLabel": "2 för",
                    "rewardLabel": "24 kr",
                    "textLabel": "Alltid bra pris!",
                    "redeemLimitLabel": "",
                    "cartLabel": null,
                    "validUntil": null,
                    "timesUsed": null,
                    "qualifyingCount": 2,
                    "comparePrice": "200,00 kr",
                    "splashTitleText": "Alltid bra pris",
                    "realMixAndMatch": false,
                    "mainProductCode": "101331906_ST",
                    "conditionLabelFormatted": "",
                    "promotionRedeemLimit": null,
                    "promotionPercentage": null,
                    "cartLabelFormatted": "",
                    "priority": 208,
                    "code": "10009731811"
                }
            ],
            "inactivePotentialPromotions": [],
            "priceValue": 12.95,
            "price": "12,95 kr",
            "image": {
                "imageType": "PRIMARY",
                "format": "product",
                "url": "https://assets.axfood.se/image/upload/f_auto,t_200/07311042010807_C1C1_s01",
                "altText": null,
                "galleryIndex": null,
                "width": null
            },
            "ranking": 20.9118405825426,
            "depositPrice": "",
            "averageWeight": null,
            "comparePrice": "215,83 kr",
            "comparePriceUnit": "kg",
            "isDrugProduct": false,
            "solrSearchScore": 0.7614262700080872,
            "energyDeclaration": null,
            "newsSplashProduct": false,
            "notAllowedB2b": false,
            "notAllowedAnonymous": false,
            "productLine2": "60g",
            "pickupProductLine2": "60g",
            "priceUnit": "kr/st",
            "priceNoUnit": "12,95",
            "savingsAmount": 1.9,
            "googleAnalyticsCategory": "frukt-och-gront|gronsaker|lok",
            "gdprTrackingIncompliant": false,
            "nicotineMedicalProduct": false,
            "tobaccoFreeNicotineProduct": false,
            "nonEkoProduct": false,
            "precautionaryStatements": [],
            "hazards": [],
            "tobaccoProduct": false,
            "showGoodPriceIcon": true,
            "labels": [
                "keyhole"
            ],
            "seoDescription": "",
            "seoTitle": "",
            "manufacturer": null,
            "incrementValue": 1.0,
            "productBasketType": {
                "code": "ST",
                "type": "ProductBasketTypeEnum"
            },
            "bargainProduct": false,
            "addToCartMessage": "",
            "thumbnail": {
                "imageType": "PRIMARY",
                "format": "thumbnail",
                "url": "https://assets.axfood.se/image/upload/f_auto,t_100/07311042010807_C1C1_s01",
                "altText": null,
                "galleryIndex": null,
                "width": null
            },
            "outOfStock": false,
            "online": true,
            "displayVolume": "60g",
            "addToCartDisabled": false,
            "name": "Lök Vit Morado Klass 1",
            "code": "101331906_ST"
        },
        {
            "potentialPromotions": [
                {
                    "threshold": null,
                    "applied": false,
                    "campaignType": "GENERAL",
                    "offerStatus": null,
                    "productCodes": [
                        "100180723_ST"
                    ],
                    "promotionTheme": {
                        "code": "Z019",
                        "visible": null
                    },
                    "textLabelGenerated": "Alltid bra pris!",
                    "textLabelManual": null,
                    "lowestHistoricalPrice": null,
                    "price": {
                        "currencyIso": "SEK",
                        "value": 10.0,
                        "priceType": "BUY",
                        "formattedValue": "10,00 kr",
                        "minQuantity": null,
                        "maxQuantity": null
                    },
                    "promotionType": "MixMatchPricePromotion",
                    "conditionLabel": "2 för",
                    "rewardLabel": "20 kr",
                    "textLabel": "Alltid bra pris!",
                    "redeemLimitLabel": "",
                    "cartLabel": null,
                    "validUntil": null,
                    "timesUsed": null,
                    "qualifyingCount": 2,
                    "comparePrice": "102,04 kr",
                    "splashTitleText": "Alltid bra pris",
                    "realMixAndMatch": false,
                    "mainProductCode": "100180723_ST",
                    "conditionLabelFormatted": "",
                    "promotionRedeemLimit": null,
                    "promotionPercentage": null,
                    "cartLabelFormatted": "",
                    "priority": 208,
                    "code": "10009731810"
                }
            ],
            "inactivePotentialPromotions": [],
            "priceValue": 10.95,
            "price": "10,95 kr",
            "image": {
                "imageType": "PRIMARY",
                "format": "product",
                "url": "https://assets.axfood.se/image/upload/f_auto,t_200/07311042000075_C1N0_s01",
                "altText": null,
                "galleryIndex": null,
                "width": null
            },
            "ranking": 20.9118405792658,
            "depositPrice": "",
            "averageWeight": 0.109,
            "comparePrice": "111,73 kr",
            "comparePriceUnit": "kg",
            "isDrugProduct": false,
            "solrSearchScore": 0.7614262700080872,
            "energyDeclaration": null,
            "newsSplashProduct": false,
            "notAllowedB2b": false,
            "notAllowedAnonymous": false,
            "productLine2": "ca100g",
            "pickupProductLine2": "ca100g",
            "priceUnit": "kr/st",
            "priceNoUnit": "10,95",
            "savingsAmount": 1.9,
            "googleAnalyticsCategory": "frukt-och-gront|frukt|exotisk-frukt",
            "gdprTrackingIncompliant": false,
            "nicotineMedicalProduct": false,
            "tobaccoFreeNicotineProduct": false,
            "nonEkoProduct": false,
            "precautionaryStatements": [],
            "hazards": [],
            "tobaccoProduct": false,
            "showGoodPriceIcon": true,
            "labels": [
                "keyhole"
            ],
            "seoDescription": "",
            "seoTitle": "",
            "manufacturer": null,
            "incrementValue": 1.0,
            "productBasketType": {
                "code": "ST",
                "type": "ProductBasketTypeEnum"
            },
            "bargainProduct": false,
            "addToCartMessage": "",
            "thumbnail": {
                "imageType": "PRIMARY",
                "format": "thumbnail",
                "url": "https://assets.axfood.se/image/upload/f_auto,t_100/07311042000075_C1N0_s01",
                "altText": null,
                "galleryIndex": null,
                "width": null
            },
            "outOfStock": false,
            "online": true,
            "displayVolume": "ca100g",
            "addToCartDisabled": false,
            "name": "Kiwi Klass 1",
            "code": "100180723_ST"
        },
        {
            "potentialPromotions": [
                {
                    "threshold": null,
                    "applied": false,
                    "campaignType": "GENERAL",
                    "offerStatus": null,
                    "productCodes": [
                        "100594956_ST"
                    ],
                    "promotionTheme": {
                        "code": "Z019",
                        "visible": null
                    },
                    "textLabelGenerated": "Alltid bra pris!",
                    "textLabelManual": null,
                    "lowestHistoricalPrice": null,
                    "price": {
                        "currencyIso": "SEK",
                        "value": 15.0,
                        "priceType": "BUY",
                        "formattedValue": "15,00 kr",
                        "minQuantity": null,
                        "maxQuantity": null
                    },
                    "promotionType": "MixMatchPricePromotion",
                    "conditionLabel": "2 för",
                    "rewardLabel": "30 kr",
                    "textLabel": "Alltid bra pris!",
                    "redeemLimitLabel": "",
                    "cartLabel": null,
                    "validUntil": null,
                    "timesUsed": null,
                    "qualifyingCount": 2,
                    "comparePrice": "55,56 kr",
                    "splashTitleText": "Alltid bra pris",
                    "realMixAndMatch": false,
                    "mainProductCode": "100594956_ST",
                    "conditionLabelFormatted": "",
                    "promotionRedeemLimit": null,
                    "promotionPercentage": null,
                    "cartLabelFormatted": "",
                    "priority": 208,
                    "code": "10009731809"
                }
            ],
            "inactivePotentialPromotions": [],
            "priceValue": 15.95,
            "price": "15,95 kr",
            "image": {
                "imageType": "PRIMARY",
                "format": "product",
                "url": "https://assets.axfood.se/image/upload/f_auto,t_200/07311042005186_C1L0_s01",
                "altText": null,
                "galleryIndex": null,
                "width": null
            },
            "ranking": 20.911840575989,
            "depositPrice": "",
            "averageWeight": null,
            "comparePrice": "59,07 kr",
            "comparePriceUnit": "kg",
            "isDrugProduct": false,
            "solrSearchScore": 0.7614262700080872,
            "energyDeclaration": null,
            "newsSplashProduct": false,
            "notAllowedB2b": false,
            "notAllowedAnonymous": false,
            "productLine2": "270g",
            "pickupProductLine2": "270g",
            "priceUnit": "kr/st",
            "priceNoUnit": "15,95",
            "savingsAmount": 1.9,
            "googleAnalyticsCategory": "frukt-och-gront|gronsaker|gurka",
            "gdprTrackingIncompliant": false,
            "nicotineMedicalProduct": false,
            "tobaccoFreeNicotineProduct": false,
            "nonEkoProduct": false,
            "precautionaryStatements": [],
            "hazards": [],
            "tobaccoProduct": false,
            "showGoodPriceIcon": true,
            "labels": [
                "keyhole"
            ],
            "seoDescription": "",
            "seoTitle": "",
            "manufacturer": null,
            "incrementValue": 1.0,
            "productBasketType": {
                "code": "ST",
                "type": "ProductBasketTypeEnum"
            },
            "bargainProduct": false,
            "addToCartMessage": "",
            "thumbnail": {
                "imageType": "PRIMARY",
                "format": "thumbnail",
                "url": "https://assets.axfood.se/image/upload/f_auto,t_100/07311042005186_C1L0_s01",
                "altText": null,
                "galleryIndex": null,
                "width": null
            },
            "outOfStock": false,
            "online": true,
            "displayVolume": "270g",
            "addToCartDisabled": false,
            "name": "Gurka Import Klass 1",
            "code": "100594956_ST"
        },
        {
            "potentialPromotions": [
                {
                    "threshold": null,
                    "applied": false,
                    "campaignType": "GENERAL",
                    "offerStatus": null,
                    "productCodes": [
                        "101204878_ST"
                    ],
                    "promotionTheme": {
                        "code": "Z019",
                        "visible": null
                    },
                    "textLabelGenerated": "Alltid bra pris!",
                    "textLabelManual": null,
                    "lowestHistoricalPrice": null,
                    "price": {
                        "currencyIso": "SEK",
                        "value": 11.0,
                        "priceType": "BUY",
                        "formattedValue": "11,00 kr",
                        "minQuantity": null,
                        "maxQuantity": null
                    },
                    "promotionType": "MixMatchPricePromotion",
                    "conditionLabel": "2 för",
                    "rewardLabel": "22 kr",
                    "textLabel": "Alltid bra pris!",
                    "redeemLimitLabel": "",
                    "cartLabel": null,
                    "validUntil": null,
                    "timesUsed": null,
                    "qualifyingCount": 2,
                    "comparePrice": "37,93 kr",
                    "splashTitleText": "Alltid bra pris",
                    "realMixAndMatch": false,
                    "mainProductCode": "101204878_ST",
                    "conditionLabelFormatted": "",
                    "promotionRedeemLimit": null,
                    "promotionPercentage": null,
                    "cartLabelFormatted": "",
                    "priority": 208,
                    "code": "10009731808"
                }
            ],
            "inactivePotentialPromotions": [],
            "priceValue": 11.95,
            "price": "11,95 kr",
            "image": {
                "imageType": "PRIMARY",
                "format": "product",
                "url": "https://assets.axfood.se/image/upload/f_auto,t_200/07311042000358_C1N0_s01",
                "altText": null,
                "galleryIndex": null,
                "width": null
            },
            "ranking": 20.9118405727122,
            "depositPrice": "",
            "averageWeight": null,
            "comparePrice": "41,21 kr",
            "comparePriceUnit": "kg",
            "isDrugProduct": false,
            "solrSearchScore": 0.7614262700080872,
            "energyDeclaration": null,
            "newsSplashProduct": false,
            "notAllowedB2b": false,
            "notAllowedAnonymous": false,
            "productLine2": "ca290g",
            "pickupProductLine2": "ca290g",
            "priceUnit": "kr/st",
            "priceNoUnit": "11,95",
            "savingsAmount": 1.9,
            "googleAnalyticsCategory": "frukt-och-gront|frukt|exotisk-frukt",
            "gdprTrackingIncompliant": false,
            "nicotineMedicalProduct": false,
            "tobaccoFreeNicotineProduct": false,
            "nonEkoProduct": false,
            "precautionaryStatements": [],
            "hazards": [],
            "tobaccoProduct": false,
            "showGoodPriceIcon": true,
            "labels": [
                "keyhole"
            ],
            "seoDescription": "",
            "seoTitle": "",
            "manufacturer": null,
            "incrementValue": 1.0,
            "productBasketType": {
                "code": "ST",
                "type": "ProductBasketTypeEnum"
            },
            "bargainProduct": false,
            "addToCartMessage": "",
            "thumbnail": {
                "imageType": "PRIMARY",
                "format": "thumbnail",
                "url": "https://assets.axfood.se/image/upload/f_auto,t_100/07311042000358_C1N0_s01",
                "altText": null,
                "galleryIndex": null,
                "width": null
            },
            "outOfStock": false,
            "online": true,
            "displayVolume": "ca290g",
            "addToCartDisabled": false,
            "name": "Grape Röd Klass 1",
            "code": "101204878_ST"
        },
        {
            "potentialPromotions": [
                {
                    "threshold": null,
                    "applied": false,
                    "campaignType": "GENERAL",
                    "offerStatus": null,
                    "productCodes": [
                        "100295333_ST"
                    ],
                    "promotionTheme": {
                        "code": "Z019",
                        "visible": null
                    },
                    "textLabelGenerated": "Alltid bra pris!",
                    "textLabelManual": null,
                    "lowestHistoricalPrice": null,
                    "price": {
                        "currencyIso": "SEK",
                        "value": 17.5,
                        "priceType": "BUY",
                        "formattedValue": "17,50 kr",
                        "minQuantity": null,
                        "maxQuantity": null
                    },
                    "promotionType": "MixMatchPricePromotion",
                    "conditionLabel": "2 för",
                    "rewardLabel": "35 kr",
                    "textLabel": "Alltid bra pris!",
                    "redeemLimitLabel": "",
                    "cartLabel": null,
                    "validUntil": null,
                    "timesUsed": null,
                    "qualifyingCount": 2,
                    "comparePrice": "60,55 kr",
                    "splashTitleText": "Alltid bra pris",
                    "realMixAndMatch": false,
                    "mainProductCode": "100295333_ST",
                    "conditionLabelFormatted": "",
                    "promotionRedeemLimit": null,
                    "promotionPercentage": null,
                    "cartLabelFormatted": "",
                    "priority": 208,
                    "code": "10009731807"
                }
            ],
            "inactivePotentialPromotions": [],
            "priceValue": 19.95,
            "price": "19,95 kr",
            "image": {
                "imageType": "PRIMARY",
                "format": "product",
                "url": "https://assets.axfood.se/image/upload/f_auto,t_200/07311042011705_C1C1_s01",
                "altText": null,
                "galleryIndex": null,
                "width": null
            },
            "ranking": 20.9118405694354,
            "depositPrice": "",
            "averageWeight": null,
            "comparePrice": "69,03 kr",
            "comparePriceUnit": "kg",
            "isDrugProduct": false,
            "solrSearchScore": 0.7614262700080872,
            "energyDeclaration": null,
            "newsSplashProduct": false,
            "notAllowedB2b": false,
            "notAllowedAnonymous": false,
            "productLine2": "289g",
            "pickupProductLine2": "289g",
            "priceUnit": "kr/st",
            "priceNoUnit": "19,95",
            "savingsAmount": 4.9,
            "googleAnalyticsCategory": "frukt-och-gront|frukt|exotisk-frukt",
            "gdprTrackingIncompliant": false,
            "nicotineMedicalProduct": false,
            "tobaccoFreeNicotineProduct": false,
            "nonEkoProduct": false,
            "precautionaryStatements": [],
            "hazards": [],
            "tobaccoProduct": false,
            "showGoodPriceIcon": true,
            "labels": [
                "keyhole"
            ],
            "seoDescription": "",
            "seoTitle": "",
            "manufacturer": null,
            "incrementValue": 1.0,
            "productBasketType": {
                "code": "ST",
                "type": "ProductBasketTypeEnum"
            },
            "bargainProduct": false,
            "addToCartMessage": "",
            "thumbnail": {
                "imageType": "PRIMARY",
                "format": "thumbnail",
                "url": "https://assets.axfood.se/image/upload/f_auto,t_100/07311042011705_C1C1_s01",
                "altText": null,
                "galleryIndex": null,
                "width": null
            },
            "outOfStock": false,
            "online": true,
            "displayVolume": "289g",
            "addToCartDisabled": false,
            "name": "Granatäpple",
            "code": "100295333_ST"
        },
        {
            "potentialPromotions": [
                {
                    "threshold": null,
                    "applied": false,
                    "campaignType": "GENERAL",
                    "offerStatus": null,
                    "productCodes": [
                        "101195693_ST"
                    ],
                    "promotionTheme": {
                        "code": "Z019",
                        "visible": null
                    },
                    "textLabelGenerated": "Alltid bra pris!",
                    "textLabelManual": null,
                    "lowestHistoricalPrice": null,
                    "price": {
                        "currencyIso": "SEK",
                        "value": 11.0,
                        "priceType": "BUY",
                        "formattedValue": "11,00 kr",
                        "minQuantity": null,
                        "maxQuantity": null
                    },
                    "promotionType": "MixMatchPricePromotion",
                    "conditionLabel": "2 för",
                    "rewardLabel": "22 kr",
                    "textLabel": "Alltid bra pris!",
                    "redeemLimitLabel": "",
                    "cartLabel": null,
                    "validUntil": null,
                    "timesUsed": null,
                    "qualifyingCount": 2,
                    "comparePrice": "220,00 kr",
                    "splashTitleText": "Alltid bra pris",
                    "realMixAndMatch": false,
                    "mainProductCode": "101195693_ST",
                    "conditionLabelFormatted": "",
                    "promotionRedeemLimit": null,
                    "promotionPercentage": null,
                    "cartLabelFormatted": "",
                    "priority": 208,
                    "code": "10009731806"
                }
            ],
            "inactivePotentialPromotions": [],
            "priceValue": 11.95,
            "price": "11,95 kr",
            "image": {
                "imageType": "PRIMARY",
                "format": "product",
                "url": "https://assets.axfood.se/image/upload/f_auto,t_200/07311042000587_C1N0_s01",
                "altText": null,
                "galleryIndex": null,
                "width": null
            },
            "ranking": 20.9118405661586,
            "depositPrice": "",
            "averageWeight": null,
            "comparePrice": "239,00 kr",
            "comparePriceUnit": "kg",
            "isDrugProduct": false,
            "solrSearchScore": 0.7614262700080872,
            "energyDeclaration": null,
            "newsSplashProduct": false,
            "notAllowedB2b": false,
            "notAllowedAnonymous": false,
            "productLine2": "ca50g",
            "pickupProductLine2": "ca50g",
            "priceUnit": "kr/st",
            "priceNoUnit": "11,95",
            "savingsAmount": 1.9,
            "googleAnalyticsCategory": "frukt-och-gront|frukt|exotisk-frukt",
            "gdprTrackingIncompliant": false,
            "nicotineMedicalProduct": false,
            "tobaccoFreeNicotineProduct": false,
            "nonEkoProduct": false,
            "precautionaryStatements": [],
            "hazards": [],
            "tobaccoProduct": false,
            "showGoodPriceIcon": true,
            "labels": [
                "keyhole"
            ],
            "seoDescription": "",
            "seoTitle": "",
            "manufacturer": null,
            "incrementValue": 1.0,
            "productBasketType": {
                "code": "ST",
                "type": "ProductBasketTypeEnum"
            },
            "bargainProduct": false,
            "addToCartMessage": "",
            "thumbnail": {
                "imageType": "PRIMARY",
                "format": "thumbnail",
                "url": "https://assets.axfood.se/image/upload/f_auto,t_100/07311042000587_C1N0_s01",
                "altText": null,
                "galleryIndex": null,
                "width": null
            },
            "outOfStock": false,
            "online": true,
            "displayVolume": "ca50g",
            "addToCartDisabled": false,
            "name": "Fikon",
            "code": "101195693_ST"
        },
        {
            "potentialPromotions": [
                {
                    "threshold": null,
                    "applied": false,
                    "campaignType": "GENERAL",
                    "offerStatus": null,
                    "productCodes": [
                        "100255117_ST"
                    ],
                    "promotionTheme": {
                        "code": "Z019",
                        "visible": null
                    },
                    "textLabelGenerated": "Alltid bra pris!",
                    "textLabelManual": null,
                    "lowestHistoricalPrice": null,
                    "price": {
                        "currencyIso": "SEK",
                        "value": 7.0,
                        "priceType": "BUY",
                        "formattedValue": "7,00 kr",
                        "minQuantity": null,
                        "maxQuantity": null
                    },
                    "promotionType": "MixMatchPricePromotion",
                    "conditionLabel": "2 för",
                    "rewardLabel": "14 kr",
                    "textLabel": "Alltid bra pris!",
                    "redeemLimitLabel": "",
                    "cartLabel": null,
                    "validUntil": null,
                    "timesUsed": null,
                    "qualifyingCount": 2,
                    "comparePrice": "42,17 kr",
                    "splashTitleText": "Alltid bra pris",
                    "realMixAndMatch": false,
                    "mainProductCode": "100255117_ST",
                    "conditionLabelFormatted": "",
                    "promotionRedeemLimit": null,
                    "promotionPercentage": null,
                    "cartLabelFormatted": "",
                    "priority": 208,
                    "code": "10009731805"
                }
            ],
            "inactivePotentialPromotions": [],
            "priceValue": 7.95,
            "price": "7,95 kr",
            "image": {
                "imageType": "PRIMARY",
                "format": "product",
                "url": "https://assets.axfood.se/image/upload/f_auto,t_200/07311042000099_C1N0_s01",
                "altText": null,
                "galleryIndex": null,
                "width": null
            },
            "ranking": 20.9118405628818,
            "depositPrice": "",
            "averageWeight": null,
            "comparePrice": "47,89 kr",
            "comparePriceUnit": "kg",
            "isDrugProduct": false,
            "solrSearchScore": 0.7614262700080872,
            "energyDeclaration": null,
            "newsSplashProduct": false,
            "notAllowedB2b": false,
            "notAllowedAnonymous": false,
            "productLine2": "166g",
            "pickupProductLine2": "166g",
            "priceUnit": "kr/st",
            "priceNoUnit": "7,95",
            "savingsAmount": 1.9,
            "googleAnalyticsCategory": "frukt-och-gront|frukt|citron-och-lime",
            "gdprTrackingIncompliant": false,
            "nicotineMedicalProduct": false,
            "tobaccoFreeNicotineProduct": false,
            "nonEkoProduct": false,
            "precautionaryStatements": [],
            "hazards": [],
            "tobaccoProduct": false,
            "showGoodPriceIcon": true,
            "labels": [
                "keyhole"
            ],
            "seoDescription": "",
            "seoTitle": "",
            "manufacturer": null,
            "incrementValue": 1.0,
            "productBasketType": {
                "code": "ST",
                "type": "ProductBasketTypeEnum"
            },
            "bargainProduct": false,
            "addToCartMessage": "",
            "thumbnail": {
                "imageType": "PRIMARY",
                "format": "thumbnail",
                "url": "https://assets.axfood.se/image/upload/f_auto,t_100/07311042000099_C1N0_s01",
                "altText": null,
                "galleryIndex": null,
                "width": null
            },
            "outOfStock": false,
            "online": true,
            "displayVolume": "166g",
            "addToCartDisabled": false,
            "name": "Citron Klass 1",
            "code": "100255117_ST"
        },
        {
            "potentialPromotions": [
                {
                    "threshold": null,
                    "applied": false,
                    "campaignType": "GENERAL",
                    "offerStatus": null,
                    "productCodes": [
                        "101234341_ST"
                    ],
                    "promotionTheme": {
                        "code": "Z019",
                        "visible": null
                    },
                    "textLabelGenerated": "Alltid bra pris!",
                    "textLabelManual": null,
                    "lowestHistoricalPrice": null,
                    "price": {
                        "currencyIso": "SEK",
                        "value": 8.0,
                        "priceType": "BUY",
                        "formattedValue": "8,00 kr",
                        "minQuantity": null,
                        "maxQuantity": null
                    },
                    "promotionType": "MixMatchPricePromotion",
                    "conditionLabel": "2 för",
                    "rewardLabel": "16 kr",
                    "textLabel": "Alltid bra pris!",
                    "redeemLimitLabel": "",
                    "cartLabel": null,
                    "validUntil": null,
                    "timesUsed": null,
                    "qualifyingCount": 2,
                    "comparePrice": "66,67 kr",
                    "splashTitleText": "Alltid bra pris",
                    "realMixAndMatch": false,
                    "mainProductCode": "101234341_ST",
                    "conditionLabelFormatted": "",
                    "promotionRedeemLimit": null,
                    "promotionPercentage": null,
                    "cartLabelFormatted": "",
                    "priority": 208,
                    "code": "10009731804"
                }
            ],
            "inactivePotentialPromotions": [],
            "priceValue": 8.95,
            "price": "8,95 kr",
            "image": {
                "imageType": "PRIMARY",
                "format": "product",
                "url": "https://assets.axfood.se/image/upload/f_auto,t_200/07311042000402_C1N0_s02",
                "altText": null,
                "galleryIndex": null,
                "width": null
            },
            "ranking": 20.911840559605,
            "depositPrice": "",
            "averageWeight": null,
            "comparePrice": "74,58 kr",
            "comparePriceUnit": "kg",
            "isDrugProduct": false,
            "solrSearchScore": 0.7614262700080872,
            "energyDeclaration": null,
            "newsSplashProduct": false,
            "notAllowedB2b": false,
            "notAllowedAnonymous": false,
            "productLine2": "GARANT EKO, ca120g",
            "pickupProductLine2": "GARANT EKO, ca120g",
            "priceUnit": "kr/st",
            "priceNoUnit": "8,95",
            "savingsAmount": 1.9,
            "googleAnalyticsCategory": "frukt-och-gront|frukt|citron-och-lime",
            "gdprTrackingIncompliant": false,
            "nicotineMedicalProduct": false,
            "tobaccoFreeNicotineProduct": false,
            "nonEkoProduct": false,
            "precautionaryStatements": [],
            "hazards": [],
            "tobaccoProduct": false,
            "showGoodPriceIcon": true,
            "labels": [
                "ecological",
                "eu_ecological",
                "keyhole"
            ],
            "seoDescription": "",
            "seoTitle": "",
            "manufacturer": "Garant Eko",
            "incrementValue": 1.0,
            "productBasketType": {
                "code": "ST",
                "type": "ProductBasketTypeEnum"
            },
            "bargainProduct": false,
            "addToCartMessage": "",
            "thumbnail": {
                "imageType": "PRIMARY",
                "format": "thumbnail",
                "url": "https://assets.axfood.se/image/upload/f_auto,t_100/07311042000402_C1N0_s02",
                "altText": null,
                "galleryIndex": null,
                "width": null
            },
            "outOfStock": false,
            "online": true,
            "displayVolume": "ca120g",
            "addToCartDisabled": false,
            "name": "Citron Eko Klass 1",
            "code": "101234341_ST"
        },
        {
            "potentialPromotions": [
                {
                    "threshold": null,
                    "applied": false,
                    "campaignType": "GENERAL",
                    "offerStatus": null,
                    "productCodes": [
                        "101274134_ST"
                    ],
                    "promotionTheme": {
                        "code": "Z019",
                        "visible": null
                    },
                    "textLabelGenerated": "Alltid bra pris!",
                    "textLabelManual": null,
                    "lowestHistoricalPrice": null,
                    "price": {
                        "currencyIso": "SEK",
                        "value": 12.5,
                        "priceType": "BUY",
                        "formattedValue": "12,50 kr",
                        "minQuantity": null,
                        "maxQuantity": null
                    },
                    "promotionType": "MixMatchPricePromotion",
                    "conditionLabel": "2 för",
                    "rewardLabel": "25 kr",
                    "textLabel": "Alltid bra pris!",
                    "redeemLimitLabel": "",
                    "cartLabel": null,
                    "validUntil": null,
                    "timesUsed": null,
                    "qualifyingCount": 2,
                    "comparePrice": "50,00 kr",
                    "splashTitleText": "Alltid bra pris",
                    "realMixAndMatch": false,
                    "mainProductCode": "101274134_ST",
                    "conditionLabelFormatted": "",
                    "promotionRedeemLimit": null,
                    "promotionPercentage": null,
                    "cartLabelFormatted": "",
                    "priority": 208,
                    "code": "10009731803"
                }
            ],
            "inactivePotentialPromotions": [],
            "priceValue": 14.95,
            "price": "14,95 kr",
            "image": {
                "imageType": "PRIMARY",
                "format": "product",
                "url": "https://assets.axfood.se/image/upload/f_auto,t_200/07311042017110_C1N1_s01",
                "altText": null,
                "galleryIndex": null,
                "width": null
            },
            "ranking": 20.9118405563282,
            "depositPrice": "",
            "averageWeight": null,
            "comparePrice": "59,80 kr",
            "comparePriceUnit": "kg",
            "isDrugProduct": false,
            "solrSearchScore": 0.7614262700080872,
            "energyDeclaration": null,
            "newsSplashProduct": false,
            "notAllowedB2b": false,
            "notAllowedAnonymous": false,
            "productLine2": "250g",
            "pickupProductLine2": "250g",
            "priceUnit": "kr/st",
            "priceNoUnit": "14,95",
            "savingsAmount": 4.9,
            "googleAnalyticsCategory": "frukt-och-gront|kal-och-rotsaker|kal",
            "gdprTrackingIncompliant": false,
            "nicotineMedicalProduct": false,
            "tobaccoFreeNicotineProduct": false,
            "nonEkoProduct": false,
            "precautionaryStatements": [],
            "hazards": [],
            "tobaccoProduct": false,
            "showGoodPriceIcon": true,
            "labels": [
                "keyhole"
            ],
            "seoDescription": "",
            "seoTitle": "",
            "manufacturer": null,
            "incrementValue": 1.0,
            "productBasketType": {
                "code": "ST",
                "type": "ProductBasketTypeEnum"
            },
            "bargainProduct": false,
            "addToCartMessage": "",
            "thumbnail": {
                "imageType": "PRIMARY",
                "format": "thumbnail",
                "url": "https://assets.axfood.se/image/upload/f_auto,t_100/07311042017110_C1N1_s01",
                "altText": null,
                "galleryIndex": null,
                "width": null
            },
            "outOfStock": false,
            "online": true,
            "displayVolume": "250g",
            "addToCartDisabled": false,
            "name": "Broccoli Klass 1",
            "code": "101274134_ST"
        },
        {
            "potentialPromotions": [
                {
                    "threshold": null,
                    "applied": false,
                    "campaignType": "GENERAL",
                    "offerStatus": null,
                    "productCodes": [
                        "100764503_ST"
                    ],
                    "promotionTheme": {
                        "code": "Z019",
                        "visible": null
                    },
                    "textLabelGenerated": "Alltid bra pris!",
                    "textLabelManual": null,
                    "lowestHistoricalPrice": null,
                    "price": {
                        "currencyIso": "SEK",
                        "value": 27.5,
                        "priceType": "BUY",
                        "formattedValue": "27,50 kr",
                        "minQuantity": null,
                        "maxQuantity": null
                    },
                    "promotionType": "MixMatchPricePromotion",
                    "conditionLabel": "2 för",
                    "rewardLabel": "55 kr",
                    "textLabel": "Alltid bra pris!",
                    "redeemLimitLabel": "",
                    "cartLabel": null,
                    "validUntil": null,
                    "timesUsed": null,
                    "qualifyingCount": 2,
                    "comparePrice": "220,00 kr",
                    "splashTitleText": "Alltid bra pris",
                    "realMixAndMatch": false,
                    "mainProductCode": "100764503_ST",
                    "conditionLabelFormatted": "",
                    "promotionRedeemLimit": null,
                    "promotionPercentage": null,
                    "cartLabelFormatted": "",
                    "priority": 208,
                    "code": "10009731802"
                }
            ],
            "inactivePotentialPromotions": [],
            "priceValue": 29.95,
            "price": "29,95 kr",
            "image": {
                "imageType": "PRIMARY",
                "format": "product",
                "url": "https://assets.axfood.se/image/upload/f_auto,t_200/07311042000181_C1L1_s02",
                "altText": null,
                "galleryIndex": null,
                "width": null
            },
            "ranking": 20.911840553051398,
            "depositPrice": "",
            "averageWeight": null,
            "comparePrice": "239,60 kr",
            "comparePriceUnit": "kg",
            "isDrugProduct": false,
            "solrSearchScore": 0.7614262700080872,
            "energyDeclaration": null,
            "newsSplashProduct": false,
            "notAllowedB2b": false,
            "notAllowedAnonymous": false,
            "productLine2": "125g",
            "pickupProductLine2": "125g",
            "priceUnit": "kr/st",
            "priceNoUnit": "29,95",
            "savingsAmount": 4.9,
            "googleAnalyticsCategory": "frukt-och-gront|bar|farska-bar",
            "gdprTrackingIncompliant": false,
            "nicotineMedicalProduct": false,
            "tobaccoFreeNicotineProduct": false,
            "nonEkoProduct": false,
            "precautionaryStatements": [],
            "hazards": [],
            "tobaccoProduct": false,
            "showGoodPriceIcon": true,
            "labels": [
                "keyhole"
            ],
            "seoDescription": "",
            "seoTitle": "",
            "manufacturer": null,
            "incrementValue": 1.0,
            "productBasketType": {
                "code": "ST",
                "type": "ProductBasketTypeEnum"
            },
            "bargainProduct": false,
            "addToCartMessage": "",
            "thumbnail": {
                "imageType": "PRIMARY",
                "format": "thumbnail",
                "url": "https://assets.axfood.se/image/upload/f_auto,t_100/07311042000181_C1L1_s02",
                "altText": null,
                "galleryIndex": null,
                "width": null
            },
            "outOfStock": false,
            "online": true,
            "displayVolume": "125g",
            "addToCartDisabled": false,
            "name": "Blåbär Klass 1",
            "code": "100764503_ST"
        },
        {
            "potentialPromotions": [
                {
                    "threshold": null,
                    "applied": false,
                    "campaignType": "GENERAL",
                    "offerStatus": null,
                    "productCodes": [
                        "100151933_ST"
                    ],
                    "promotionTheme": {
                        "code": "Z019",
                        "visible": null
                    },
                    "textLabelGenerated": "Alltid bra pris!",
                    "textLabelManual": null,
                    "lowestHistoricalPrice": null,
                    "price": {
                        "currencyIso": "SEK",
                        "value": 12.0,
                        "priceType": "BUY",
                        "formattedValue": "12,00 kr",
                        "minQuantity": null,
                        "maxQuantity": null
                    },
                    "promotionType": "MixMatchPricePromotion",
                    "conditionLabel": "2 för",
                    "rewardLabel": "24 kr",
                    "textLabel": "Alltid bra pris!",
                    "redeemLimitLabel": "",
                    "cartLabel": null,
                    "validUntil": null,
                    "timesUsed": null,
                    "qualifyingCount": 2,
                    "comparePrice": "70,59 kr",
                    "splashTitleText": "Alltid bra pris",
                    "realMixAndMatch": false,
                    "mainProductCode": "100151933_ST",
                    "conditionLabelFormatted": "",
                    "promotionRedeemLimit": null,
                    "promotionPercentage": null,
                    "cartLabelFormatted": "",
                    "priority": 208,
                    "code": "10009731801"
                }
            ],
            "inactivePotentialPromotions": [],
            "priceValue": 12.95,
            "price": "12,95 kr",
            "image": {
                "imageType": "PRIMARY",
                "format": "product",
                "url": "https://assets.axfood.se/image/upload/f_auto,t_200/07311042000662_C1N0_s01",
                "altText": null,
                "galleryIndex": null,
                "width": null
            },
            "ranking": 20.9118405497746,
            "depositPrice": "",
            "averageWeight": null,
            "comparePrice": "76,18 kr",
            "comparePriceUnit": "kg",
            "isDrugProduct": false,
            "solrSearchScore": 0.7614262700080872,
            "energyDeclaration": null,
            "newsSplashProduct": false,
            "notAllowedB2b": false,
            "notAllowedAnonymous": false,
            "productLine2": "170g",
            "pickupProductLine2": "170g",
            "priceUnit": "kr/st",
            "priceNoUnit": "12,95",
            "savingsAmount": 1.9,
            "googleAnalyticsCategory": "frukt-och-gront|gronsaker|avokado",
            "gdprTrackingIncompliant": false,
            "nicotineMedicalProduct": false,
            "tobaccoFreeNicotineProduct": false,
            "nonEkoProduct": false,
            "precautionaryStatements": [],
            "hazards": [],
            "tobaccoProduct": false,
            "showGoodPriceIcon": true,
            "labels": [
                "keyhole"
            ],
            "seoDescription": "",
            "seoTitle": "",
            "manufacturer": null,
            "incrementValue": 1.0,
            "productBasketType": {
                "code": "ST",
                "type": "ProductBasketTypeEnum"
            },
            "bargainProduct": false,
            "addToCartMessage": "",
            "thumbnail": {
                "imageType": "PRIMARY",
                "format": "thumbnail",
                "url": "https://assets.axfood.se/image/upload/f_auto,t_100/07311042000662_C1N0_s01",
                "altText": null,
                "galleryIndex": null,
                "width": null
            },
            "outOfStock": false,
            "online": true,
            "displayVolume": "170g",
            "addToCartDisabled": false,
            "name": "Avokado Klass 1",
            "code": "100151933_ST"
        },
        {
            "potentialPromotions": [
                {
                    "threshold": null,
                    "applied": false,
                    "campaignType": "GENERAL",
                    "offerStatus": null,
                    "productCodes": [
                        "100377744_ST"
                    ],
                    "promotionTheme": {
                        "code": "Z019",
                        "visible": null
                    },
                    "textLabelGenerated": "Alltid bra pris!",
                    "textLabelManual": null,
                    "lowestHistoricalPrice": null,
                    "price": {
                        "currencyIso": "SEK",
                        "value": 74.5,
                        "priceType": "BUY",
                        "formattedValue": "74,50 kr",
                        "minQuantity": null,
                        "maxQuantity": null
                    },
                    "promotionType": "MixMatchPricePromotion",
                    "conditionLabel": "2 för",
                    "rewardLabel": "149 kr",
                    "textLabel": "Alltid bra pris!",
                    "redeemLimitLabel": "",
                    "cartLabel": null,
                    "validUntil": null,
                    "timesUsed": null,
                    "qualifyingCount": 2,
                    "comparePrice": null,
                    "splashTitleText": "Alltid bra pris",
                    "realMixAndMatch": false,
                    "mainProductCode": "100377744_ST",
                    "conditionLabelFormatted": "",
                    "promotionRedeemLimit": null,
                    "promotionPercentage": null,
                    "cartLabelFormatted": "",
                    "priority": 208,
                    "code": "10009712703"
                }
            ],
            "inactivePotentialPromotions": [],
            "priceValue": 79.95,
            "price": "79,95 kr",
            "image": {
                "imageType": "PRIMARY",
                "format": "product",
                "url": "https://assets.axfood.se/image/upload/f_auto,t_200/07311042006985_C1N1_s01",
                "altText": null,
                "galleryIndex": null,
                "width": null
            },
            "ranking": 20.9118400942994,
            "depositPrice": "",
            "averageWeight": null,
            "comparePrice": "",
            "comparePriceUnit": "",
            "isDrugProduct": false,
            "solrSearchScore": 0.7614262700080872,
            "energyDeclaration": null,
            "newsSplashProduct": false,
            "notAllowedB2b": false,
            "notAllowedAnonymous": false,
            "productLine2": "",
            "pickupProductLine2": "",
            "priceUnit": "kr/st",
            "priceNoUnit": "79,95",
            "savingsAmount": 10.9,
            "googleAnalyticsCategory": "blommor-och-tillbehor|snittblommor",
            "gdprTrackingIncompliant": false,
            "nicotineMedicalProduct": false,
            "tobaccoFreeNicotineProduct": false,
            "nonEkoProduct": false,
            "precautionaryStatements": [],
            "hazards": [],
            "tobaccoProduct": false,
            "showGoodPriceIcon": true,
            "labels": [
                "swedish_flag",
                "from_sweden"
            ],
            "seoDescription": "",
            "seoTitle": "",
            "manufacturer": null,
            "incrementValue": 1.0,
            "productBasketType": {
                "code": "ST",
                "type": "ProductBasketTypeEnum"
            },
            "bargainProduct": false,
            "addToCartMessage": "",
            "thumbnail": {
                "imageType": "PRIMARY",
                "format": "thumbnail",
                "url": "https://assets.axfood.se/image/upload/f_auto,t_100/07311042006985_C1N1_s01",
                "altText": null,
                "galleryIndex": null,
                "width": null
            },
            "outOfStock": false,
            "online": true,
            "displayVolume": "",
            "addToCartDisabled": false,
            "name": "Tulpan 7-pack",
            "code": "100377744_ST"
        },
        {
            "potentialPromotions": [
                {
                    "threshold": null,
                    "applied": false,
                    "campaignType": "GENERAL",
                    "offerStatus": null,
                    "productCodes": [
                        "101283986_ST"
                    ],
                    "promotionTheme": {
                        "code": "Z019",
                        "visible": null
                    },
                    "textLabelGenerated": "Alltid bra pris!",
                    "textLabelManual": null,
                    "lowestHistoricalPrice": null,
                    "price": {
                        "currencyIso": "SEK",
                        "value": 44.5,
                        "priceType": "BUY",
                        "formattedValue": "44,50 kr",
                        "minQuantity": null,
                        "maxQuantity": null
                    },
                    "promotionType": "MixMatchPricePromotion",
                    "conditionLabel": "2 för",
                    "rewardLabel": "89 kr",
                    "textLabel": "Alltid bra pris!",
                    "redeemLimitLabel": "",
                    "cartLabel": null,
                    "validUntil": null,
                    "timesUsed": null,
                    "qualifyingCount": 2,
                    "comparePrice": null,
                    "splashTitleText": "Alltid bra pris",
                    "realMixAndMatch": true,
                    "mainProductCode": "101235087_ST",
                    "conditionLabelFormatted": "",
                    "promotionRedeemLimit": null,
                    "promotionPercentage": null,
                    "cartLabelFormatted": "",
                    "priority": 208,
                    "code": "10009712701"
                }
            ],
            "inactivePotentialPromotions": [],
            "priceValue": 49.95,
            "price": "49,95 kr",
            "image": {
                "imageType": "PRIMARY",
                "format": "product",
                "url": "https://assets.axfood.se/image/upload/f_auto,t_200/07311042013150_C1C0_s01",
                "altText": null,
                "galleryIndex": null,
                "width": null
            },
            "ranking": 20.9118400877458,
            "depositPrice": "",
            "averageWeight": null,
            "comparePrice": "",
            "comparePriceUnit": "",
            "isDrugProduct": false,
            "solrSearchScore": 0.7614262700080872,
            "energyDeclaration": null,
            "newsSplashProduct": false,
            "notAllowedB2b": false,
            "notAllowedAnonymous": false,
            "productLine2": "",
            "pickupProductLine2": "",
            "priceUnit": "kr/st",
            "priceNoUnit": "49,95",
            "savingsAmount": 10.9,
            "googleAnalyticsCategory": "blommor-och-tillbehor|snittblommor",
            "gdprTrackingIncompliant": false,
            "nicotineMedicalProduct": false,
            "tobaccoFreeNicotineProduct": false,
            "nonEkoProduct": false,
            "precautionaryStatements": [],
            "hazards": [],
            "tobaccoProduct": false,
            "showGoodPriceIcon": true,
            "labels": [
                "fairtrade",
                "fairtrade_facet"
            ],
            "seoDescription": "",
            "seoTitle": "",
            "manufacturer": null,
            "incrementValue": 1.0,
            "productBasketType": {
                "code": "ST",
                "type": "ProductBasketTypeEnum"
            },
            "bargainProduct": false,
            "addToCartMessage": "",
            "thumbnail": {
                "imageType": "PRIMARY",
                "format": "thumbnail",
                "url": "https://assets.axfood.se/image/upload/f_auto,t_100/07311042013150_C1C0_s01",
                "altText": null,
                "galleryIndex": null,
                "width": null
            },
            "outOfStock": false,
            "online": true,
            "displayVolume": "",
            "addToCartDisabled": false,
            "name": "Rosor Ros 10- Pack Korta",
            "code": "101283986_ST"
        },
        {
            "potentialPromotions": [
                {
                    "threshold": null,
                    "applied": false,
                    "campaignType": "GENERAL",
                    "offerStatus": null,
                    "productCodes": [
                        "101245990_ST",
                        "101246061_ST"
                    ],
                    "promotionTheme": {
                        "code": "Z019",
                        "visible": null
                    },
                    "textLabelGenerated": "Alltid bra pris!",
                    "textLabelManual": null,
                    "lowestHistoricalPrice": null,
                    "price": {
                        "currencyIso": "SEK",
                        "value": 49.5,
                        "priceType": "BUY",
                        "formattedValue": "49,50 kr",
                        "minQuantity": null,
                        "maxQuantity": null
                    },
                    "promotionType": "MixMatchPricePromotion",
                    "conditionLabel": "2 för",
                    "rewardLabel": "99 kr",
                    "textLabel": "Alltid bra pris!",
                    "redeemLimitLabel": "",
                    "cartLabel": null,
                    "validUntil": null,
                    "timesUsed": null,
                    "qualifyingCount": 2,
                    "comparePrice": "19,80 kr",
                    "splashTitleText": "Alltid bra pris",
                    "realMixAndMatch": true,
                    "mainProductCode": "101245990_ST",
                    "conditionLabelFormatted": "",
                    "promotionRedeemLimit": null,
                    "promotionPercentage": null,
                    "cartLabelFormatted": "",
                    "priority": 208,
                    "code": "10009465301"
                }
            ],
            "inactivePotentialPromotions": [],
            "priceValue": 52.95,
            "price": "52,95 kr",
            "image": {
                "imageType": "PRIMARY",
                "format": "product",
                "url": "https://assets.axfood.se/image/upload/f_auto,t_200/07340083448874_C1N1_s01",
                "altText": null,
                "galleryIndex": null,
                "width": null
            },
            "ranking": 20.9110907589522,
            "depositPrice": "",
            "averageWeight": null,
            "comparePrice": "21,18 kr",
            "comparePriceUnit": "kg",
            "isDrugProduct": false,
            "solrSearchScore": 0.7614262700080872,
            "energyDeclaration": null,
            "newsSplashProduct": false,
            "notAllowedB2b": false,
            "notAllowedAnonymous": false,
            "productLine2": "FIXA, 2.5kg",
            "pickupProductLine2": "FIXA, 2.5kg",
            "priceUnit": "kr/st",
            "priceNoUnit": "52,95",
            "savingsAmount": 6.9,
            "googleAnalyticsCategory": "hem-och-hushall|grilltillbehor",
            "gdprTrackingIncompliant": false,
            "nicotineMedicalProduct": false,
            "tobaccoFreeNicotineProduct": false,
            "nonEkoProduct": false,
            "precautionaryStatements": [],
            "hazards": [],
            "tobaccoProduct": false,
            "showGoodPriceIcon": true,
            "labels": [
                "environmental_choice",
                "environmental_facet"
            ],
            "seoDescription": "",
            "seoTitle": "",
            "manufacturer": "Fixa",
            "incrementValue": 1.0,
            "productBasketType": {
                "code": "ST",
                "type": "ProductBasketTypeEnum"
            },
            "bargainProduct": false,
            "addToCartMessage": "",
            "thumbnail": {
                "imageType": "PRIMARY",
                "format": "thumbnail",
                "url": "https://assets.axfood.se/image/upload/f_auto,t_100/07340083448874_C1N1_s01",
                "altText": null,
                "galleryIndex": null,
                "width": null
            },
            "outOfStock": false,
            "online": true,
            "displayVolume": "2.5kg",
            "addToCartDisabled": false,
            "name": "Grillkol",
            "code": "101245990_ST"
        },
        {
            "potentialPromotions": [
                {
                    "threshold": null,
                    "applied": false,
                    "campaignType": "GENERAL",
                    "offerStatus": null,
                    "productCodes": [
                        "101314588_ST",
                        "101314589_ST",
                        "101314591_ST"
                    ],
                    "promotionTheme": {
                        "code": "Z019",
                        "visible": null
                    },
                    "textLabelGenerated": "Alltid bra pris!",
                    "textLabelManual": null,
                    "lowestHistoricalPrice": null,
                    "price": {
                        "currencyIso": "SEK",
                        "value": 22.5,
                        "priceType": "BUY",
                        "formattedValue": "22,50 kr",
                        "minQuantity": null,
                        "maxQuantity": null
                    },
                    "promotionType": "MixMatchPricePromotion",
                    "conditionLabel": "2 för",
                    "rewardLabel": "45 kr",
                    "textLabel": "Alltid bra pris!",
                    "redeemLimitLabel": "",
                    "cartLabel": null,
                    "validUntil": null,
                    "timesUsed": null,
                    "qualifyingCount": 2,
                    "comparePrice": "75,00 kr",
                    "splashTitleText": "Alltid bra pris",
                    "realMixAndMatch": true,
                    "mainProductCode": "101307276_ST",
                    "conditionLabelFormatted": "",
                    "promotionRedeemLimit": null,
                    "promotionPercentage": null,
                    "cartLabelFormatted": "",
                    "priority": 208,
                    "code": "10009465260"
                }
            ],
            "inactivePotentialPromotions": [],
            "priceValue": 28.95,
            "price": "28,95 kr",
            "image": {
                "imageType": "PRIMARY",
                "format": "product",
                "url": "https://assets.axfood.se/image/upload/f_auto,t_200/05038862233811_C1N1_s02",
                "altText": null,
                "galleryIndex": null,
                "width": null
            },
            "ranking": 20.9110907229074,
            "depositPrice": "1,00 kr",
            "averageWeight": null,
            "comparePrice": "96,50 kr",
            "comparePriceUnit": "l",
            "isDrugProduct": false,
            "solrSearchScore": 0.7614262700080872,
            "energyDeclaration": null,
            "newsSplashProduct": false,
            "notAllowedB2b": false,
            "notAllowedAnonymous": false,
            "productLine2": "INNOCENT, 300ml",
            "pickupProductLine2": "INNOCENT, 300ml",
            "priceUnit": "kr/st",
            "priceNoUnit": "28,95",
            "savingsAmount": 12.9,
            "googleAnalyticsCategory": "mejeri-ost-och-agg|mellanmal-och-desserter|smamal-och-dricka-nu",
            "gdprTrackingIncompliant": false,
            "nicotineMedicalProduct": false,
            "tobaccoFreeNicotineProduct": false,
            "nonEkoProduct": false,
            "precautionaryStatements": [],
            "hazards": [],
            "tobaccoProduct": false,
            "showGoodPriceIcon": true,
            "labels": [],
            "seoDescription": "",
            "seoTitle": "",
            "manufacturer": "Innocent",
            "incrementValue": 1.0,
            "productBasketType": {
                "code": "ST",
                "type": "ProductBasketTypeEnum"
            },
            "bargainProduct": false,
            "addToCartMessage": "",
            "thumbnail": {
                "imageType": "PRIMARY",
                "format": "thumbnail",
                "url": "https://assets.axfood.se/image/upload/f_auto,t_100/05038862233811_C1N1_s02",
                "altText": null,
                "galleryIndex": null,
                "width": null
            },
            "outOfStock": false,
            "online": true,
            "displayVolume": "300ml",
            "addToCartDisabled": false,
            "name": "Citrus Defence Mandarin Morot Smoothie",
            "code": "101314588_ST"
        },
        {
            "potentialPromotions": [
                {
                    "threshold": null,
                    "applied": false,
                    "campaignType": "GENERAL",
                    "offerStatus": null,
                    "productCodes": [
                        "101218018_ST"
                    ],
                    "promotionTheme": {
                        "code": "Z019",
                        "visible": null
                    },
                    "textLabelGenerated": "Alltid bra pris!",
                    "textLabelManual": null,
                    "lowestHistoricalPrice": null,
                    "price": {
                        "currencyIso": "SEK",
                        "value": 39.5,
                        "priceType": "BUY",
                        "formattedValue": "39,50 kr",
                        "minQuantity": null,
                        "maxQuantity": null
                    },
                    "promotionType": "MixMatchPricePromotion",
                    "conditionLabel": "2 för",
                    "rewardLabel": "79 kr",
                    "textLabel": "Alltid bra pris!",
                    "redeemLimitLabel": "",
                    "cartLabel": null,
                    "validUntil": null,
                    "timesUsed": null,
                    "qualifyingCount": 2,
                    "comparePrice": "263,33 kr",
                    "splashTitleText": "Alltid bra pris",
                    "realMixAndMatch": true,
                    "mainProductCode": "101218018_ST",
                    "conditionLabelFormatted": "",
                    "promotionRedeemLimit": null,
                    "promotionPercentage": null,
                    "cartLabelFormatted": "",
                    "priority": 208,
                    "code": "10009465259"
                }
            ],
            "inactivePotentialPromotions": [],
            "priceValue": 43.95,
            "price": "43,95 kr",
            "image": {
                "imageType": "PRIMARY",
                "format": "product",
                "url": "https://assets.axfood.se/image/upload/f_auto,t_200/03175460000017_C1L1_s03",
                "altText": null,
                "galleryIndex": null,
                "width": null
            },
            "ranking": 20.9110907196306,
            "depositPrice": "",
            "averageWeight": null,
            "comparePrice": "293,00 kr",
            "comparePriceUnit": "kg",
            "isDrugProduct": false,
            "solrSearchScore": 0.7614262700080872,
            "energyDeclaration": null,
            "newsSplashProduct": false,
            "notAllowedB2b": false,
            "notAllowedAnonymous": false,
            "productLine2": "BOURSIN, 150g",
            "pickupProductLine2": "BOURSIN, 150g",
            "priceUnit": "kr/st",
            "priceNoUnit": "43,95",
            "savingsAmount": 8.9,
            "googleAnalyticsCategory": "mejeri-ost-och-agg|ost|farskost",
            "gdprTrackingIncompliant": false,
            "nicotineMedicalProduct": false,
            "tobaccoFreeNicotineProduct": false,
            "nonEkoProduct": false,
            "precautionaryStatements": [],
            "hazards": [],
            "tobaccoProduct": false,
            "showGoodPriceIcon": true,
            "labels": [],
            "seoDescription": "",
            "seoTitle": "",
            "manufacturer": "Boursin",
            "incrementValue": 1.0,
            "productBasketType": {
                "code": "ST",
                "type": "ProductBasketTypeEnum"
            },
            "bargainProduct": false,
            "addToCartMessage": "",
            "thumbnail": {
                "imageType": "PRIMARY",
                "format": "thumbnail",
                "url": "https://assets.axfood.se/image/upload/f_auto,t_100/03175460000017_C1L1_s03",
                "altText": null,
                "galleryIndex": null,
                "width": null
            },
            "outOfStock": false,
            "online": true,
            "displayVolume": "150g",
            "addToCartDisabled": false,
            "name": "Garlic & Herbs Färskost 40%",
            "code": "101218018_ST"
        },
        {
            "potentialPromotions": [
                {
                    "threshold": null,
                    "applied": false,
                    "campaignType": "GENERAL",
                    "offerStatus": null,
                    "productCodes": [
                        "101293162_ST",
                        "101458205_ST"
                    ],
                    "promotionTheme": {
                        "code": "Z019",
                        "visible": null
                    },
                    "textLabelGenerated": "Alltid bra pris!",
                    "textLabelManual": null,
                    "lowestHistoricalPrice": null,
                    "price": {
                        "currencyIso": "SEK",
                        "value": 27.0,
                        "priceType": "BUY",
                        "formattedValue": "27,00 kr",
                        "minQuantity": null,
                        "maxQuantity": null
                    },
                    "promotionType": "MixMatchPricePromotion",
                    "conditionLabel": "2 för",
                    "rewardLabel": "54 kr",
                    "textLabel": "Alltid bra pris!",
                    "redeemLimitLabel": "",
                    "cartLabel": null,
                    "validUntil": null,
                    "timesUsed": null,
                    "qualifyingCount": 2,
                    "comparePrice": "180,00 kr",
                    "splashTitleText": "Alltid bra pris",
                    "realMixAndMatch": true,
                    "mainProductCode": "101293162_ST",
                    "conditionLabelFormatted": "",
                    "promotionRedeemLimit": null,
                    "promotionPercentage": null,
                    "cartLabelFormatted": "",
                    "priority": 208,
                    "code": "10009465152"
                }
            ],
            "inactivePotentialPromotions": [],
            "priceValue": 31.95,
            "price": "31,95 kr",
            "image": {
                "imageType": "PRIMARY",
                "format": "product",
                "url": "https://assets.axfood.se/image/upload/f_auto,t_200/04004164009431_C1R1_s01",
                "altText": null,
                "galleryIndex": null,
                "width": null
            },
            "ranking": 20.9110907163538,
            "depositPrice": "",
            "averageWeight": null,
            "comparePrice": "213,00 kr",
            "comparePriceUnit": "kg",
            "isDrugProduct": false,
            "solrSearchScore": 0.7614262700080872,
            "energyDeclaration": null,
            "newsSplashProduct": false,
            "notAllowedB2b": false,
            "notAllowedAnonymous": false,
            "productLine2": "TINE, 150g",
            "pickupProductLine2": "TINE, 150g",
            "priceUnit": "kr/st",
            "priceNoUnit": "31,95",
            "savingsAmount": 9.9,
            "googleAnalyticsCategory": "mejeri-ost-och-agg|ost|palaggsost|skivad-ost",
            "gdprTrackingIncompliant": false,
            "nicotineMedicalProduct": false,
            "tobaccoFreeNicotineProduct": false,
            "nonEkoProduct": false,
            "precautionaryStatements": [],
            "hazards": [],
            "tobaccoProduct": false,
            "showGoodPriceIcon": true,
            "labels": [],
            "seoDescription": "",
            "seoTitle": "",
            "manufacturer": "Tine",
            "incrementValue": 1.0,
            "productBasketType": {
                "code": "ST",
                "type": "ProductBasketTypeEnum"
            },
            "bargainProduct": false,
            "addToCartMessage": "",
            "thumbnail": {
                "imageType": "PRIMARY",
                "format": "thumbnail",
                "url": "https://assets.axfood.se/image/upload/f_auto,t_100/04004164009431_C1R1_s01",
                "altText": null,
                "galleryIndex": null,
                "width": null
            },
            "outOfStock": false,
            "online": true,
            "displayVolume": "150g",
            "addToCartDisabled": false,
            "name": "Jarlsberg Original Skivad 27%",
            "code": "101293162_ST"
        },
        {
            "potentialPromotions": [
                {
                    "threshold": null,
                    "applied": false,
                    "campaignType": "GENERAL",
                    "offerStatus": null,
                    "productCodes": [
                        "101212667_ST",
                        "101212668_ST",
                        "101214308_ST",
                        "101259158_ST",
                        "101291539_ST",
                        "101343530_ST",
                        "101500405_ST",
                        "101500406_ST",
                        "101743735_ST",
                        "101743736_ST"
                    ],
                    "promotionTheme": {
                        "code": "Z019",
                        "visible": null
                    },
                    "textLabelGenerated": "Alltid bra pris!",
                    "textLabelManual": null,
                    "lowestHistoricalPrice": null,
                    "price": {
                        "currencyIso": "SEK",
                        "value": 29.5,
                        "priceType": "BUY",
                        "formattedValue": "29,50 kr",
                        "minQuantity": null,
                        "maxQuantity": null
                    },
                    "promotionType": "MixMatchPricePromotion",
                    "conditionLabel": "2 för",
                    "rewardLabel": "59 kr",
                    "textLabel": "Alltid bra pris!",
                    "redeemLimitLabel": "",
                    "cartLabel": null,
                    "validUntil": null,
                    "timesUsed": null,
                    "qualifyingCount": 2,
                    "comparePrice": "118,00 kr",
                    "splashTitleText": "Alltid bra pris",
                    "realMixAndMatch": true,
                    "mainProductCode": "101212667_ST",
                    "conditionLabelFormatted": "",
                    "promotionRedeemLimit": null,
                    "promotionPercentage": null,
                    "cartLabelFormatted": "",
                    "priority": 208,
                    "code": "10009465151"
                }
            ],
            "inactivePotentialPromotions": [],
            "priceValue": 32.95,
            "price": "32,95 kr",
            "image": {
                "imageType": "PRIMARY",
                "format": "product",
                "url": "https://assets.axfood.se/image/upload/f_auto,t_200/07340083430688_C1N1_s01",
                "altText": null,
                "galleryIndex": null,
                "width": null
            },
            "ranking": 20.911090713077,
            "depositPrice": "",
            "averageWeight": null,
            "comparePrice": "131,80 kr",
            "comparePriceUnit": "kg",
            "isDrugProduct": false,
            "solrSearchScore": 0.7614262700080872,
            "energyDeclaration": null,
            "newsSplashProduct": false,
            "notAllowedB2b": false,
            "notAllowedAnonymous": false,
            "productLine2": "GARANT, 250g",
            "pickupProductLine2": "GARANT, 250g",
            "priceUnit": "kr/st",
            "priceNoUnit": "32,95",
            "savingsAmount": 6.9,
            "googleAnalyticsCategory": "fardigmat|farsk-pasta",
            "gdprTrackingIncompliant": false,
            "nicotineMedicalProduct": false,
            "tobaccoFreeNicotineProduct": false,
            "nonEkoProduct": false,
            "precautionaryStatements": [],
            "hazards": [],
            "tobaccoProduct": false,
            "showGoodPriceIcon": true,
            "labels": [],
            "seoDescription": "",
            "seoTitle": "",
            "manufacturer": "Garant",
            "incrementValue": 1.0,
            "productBasketType": {
                "code": "ST",
                "type": "ProductBasketTypeEnum"
            },
            "bargainProduct": false,
            "addToCartMessage": "",
            "thumbnail": {
                "imageType": "PRIMARY",
                "format": "thumbnail",
                "url": "https://assets.axfood.se/image/upload/f_auto,t_100/07340083430688_C1N1_s01",
                "altText": null,
                "galleryIndex": null,
                "width": null
            },
            "outOfStock": false,
            "online": true,
            "displayVolume": "250g",
            "addToCartDisabled": false,
            "name": "Ricotta Spinaci Tortelloni Färsk Pasta",
            "code": "101212667_ST"
        },
        {
            "potentialPromotions": [
                {
                    "threshold": null,
                    "applied": false,
                    "campaignType": "GENERAL",
                    "offerStatus": null,
                    "productCodes": [
                        "101264324_ST",
                        "101264325_ST",
                        "101264326_ST",
                        "101325962_ST"
                    ],
                    "promotionTheme": {
                        "code": "Z019",
                        "visible": null
                    },
                    "textLabelGenerated": "Alltid bra pris!",
                    "textLabelManual": null,
                    "lowestHistoricalPrice": null,
                    "price": {
                        "currencyIso": "SEK",
                        "value": 10.0,
                        "priceType": "BUY",
                        "formattedValue": "10,00 kr",
                        "minQuantity": null,
                        "maxQuantity": null
                    },
                    "promotionType": "MixMatchPricePromotion",
                    "conditionLabel": "2 för",
                    "rewardLabel": "20 kr",
                    "textLabel": "Alltid bra pris!",
                    "redeemLimitLabel": "",
                    "cartLabel": null,
                    "validUntil": null,
                    "timesUsed": null,
                    "qualifyingCount": 2,
                    "comparePrice": "250,00 kr",
                    "splashTitleText": "Alltid bra pris",
                    "realMixAndMatch": true,
                    "mainProductCode": "101264324_ST",
                    "conditionLabelFormatted": "",
                    "promotionRedeemLimit": null,
                    "promotionPercentage": null,
                    "cartLabelFormatted": "",
                    "priority": 208,
                    "code": "10009465150"
                }
            ],
            "inactivePotentialPromotions": [],
            "priceValue": 12.95,
            "price": "12,95 kr",
            "image": {
                "imageType": "PRIMARY",
                "format": "product",
                "url": "https://assets.axfood.se/image/upload/f_auto,t_200/07340083457197_C1N1_s03",
                "altText": null,
                "galleryIndex": null,
                "width": null
            },
            "ranking": 20.9110907098002,
            "depositPrice": "",
            "averageWeight": null,
            "comparePrice": "323,75 kr",
            "comparePriceUnit": "kg",
            "isDrugProduct": false,
            "solrSearchScore": 0.7614262700080872,
            "energyDeclaration": null,
            "newsSplashProduct": false,
            "notAllowedB2b": false,
            "notAllowedAnonymous": false,
            "productLine2": "PRIME PATROL, 40g",
            "pickupProductLine2": "PRIME PATROL, 40g",
            "priceUnit": "kr/st",
            "priceNoUnit": "12,95",
            "savingsAmount": 5.9,
            "googleAnalyticsCategory": "kott-fagel-och-chark|korv|olkorv",
            "gdprTrackingIncompliant": false,
            "nicotineMedicalProduct": false,
            "tobaccoFreeNicotineProduct": false,
            "nonEkoProduct": false,
            "precautionaryStatements": [],
            "hazards": [],
            "tobaccoProduct": false,
            "showGoodPriceIcon": true,
            "labels": [],
            "seoDescription": "",
            "seoTitle": "",
            "manufacturer": "Prime Patrol",
            "incrementValue": 1.0,
            "productBasketType": {
                "code": "ST",
                "type": "ProductBasketTypeEnum"
            },
            "bargainProduct": false,
            "addToCartMessage": "",
            "thumbnail": {
                "imageType": "PRIMARY",
                "format": "thumbnail",
                "url": "https://assets.axfood.se/image/upload/f_auto,t_100/07340083457197_C1N1_s03",
                "altText": null,
                "galleryIndex": null,
                "width": null
            },
            "outOfStock": false,
            "online": true,
            "displayVolume": "40g",
            "addToCartDisabled": false,
            "name": "Ölkorv Vitlök",
            "code": "101264324_ST"
        },
        {
            "potentialPromotions": [
                {
                    "threshold": null,
                    "applied": false,
                    "campaignType": "GENERAL",
                    "offerStatus": null,
                    "productCodes": [
                        "101290607_ST",
                        "101290628_ST",
                        "101290630_ST",
                        "101290922_ST",
                        "101305774_ST",
                        "101333715_ST",
                        "101363758_ST",
                        "101460711_ST"
                    ],
                    "promotionTheme": {
                        "code": "Z019",
                        "visible": null
                    },
                    "textLabelGenerated": "Alltid bra pris!",
                    "textLabelManual": null,
                    "lowestHistoricalPrice": null,
                    "price": {
                        "currencyIso": "SEK",
                        "value": 27.0,
                        "priceType": "BUY",
                        "formattedValue": "27,00 kr",
                        "minQuantity": null,
                        "maxQuantity": null
                    },
                    "promotionType": "MixMatchPricePromotion",
                    "conditionLabel": "2 för",
                    "rewardLabel": "54 kr",
                    "textLabel": "Alltid bra pris!",
                    "redeemLimitLabel": "",
                    "cartLabel": null,
                    "validUntil": null,
                    "timesUsed": null,
                    "qualifyingCount": 2,
                    "comparePrice": "90,00 kr",
                    "splashTitleText": "Alltid bra pris",
                    "realMixAndMatch": true,
                    "mainProductCode": "101290607_ST",
                    "conditionLabelFormatted": "",
                    "promotionRedeemLimit": null,
                    "promotionPercentage": null,
                    "cartLabelFormatted": "",
                    "priority": 208,
                    "code": "10009465149"
                }
            ],
            "inactivePotentialPromotions": [],
            "priceValue": 31.95,
            "price": "31,95 kr",
            "image": {
                "imageType": "PRIMARY",
                "format": "product",
                "url": "https://assets.axfood.se/image/upload/f_auto,t_200/07340083474323_C1N1_s01",
                "altText": null,
                "galleryIndex": null,
                "width": null
            },
            "ranking": 20.9110907065234,
            "depositPrice": "",
            "averageWeight": null,
            "comparePrice": "106,50 kr",
            "comparePriceUnit": "kg",
            "isDrugProduct": false,
            "solrSearchScore": 0.7614262700080872,
            "energyDeclaration": null,
            "newsSplashProduct": false,
            "notAllowedB2b": false,
            "notAllowedAnonymous": false,
            "productLine2": "GARANT, 300g",
            "pickupProductLine2": "GARANT, 300g",
            "priceUnit": "kr/st",
            "priceNoUnit": "31,95",
            "savingsAmount": 9.9,
            "googleAnalyticsCategory": "kott-fagel-och-chark|korv|grill-och-kryddkorv",
            "gdprTrackingIncompliant": false,
            "nicotineMedicalProduct": false,
            "tobaccoFreeNicotineProduct": false,
            "nonEkoProduct": false,
            "precautionaryStatements": [],
            "hazards": [],
            "tobaccoProduct": false,
            "showGoodPriceIcon": true,
            "labels": [
                "swedish_flag",
                "meat_from_sweden"
            ],
            "seoDescription": "",
            "seoTitle": "",
            "manufacturer": "Garant",
            "incrementValue": 1.0,
            "productBasketType": {
                "code": "ST",
                "type": "ProductBasketTypeEnum"
            },
            "bargainProduct": false,
            "addToCartMessage": "",
            "thumbnail": {
                "imageType": "PRIMARY",
                "format": "thumbnail",
                "url": "https://assets.axfood.se/image/upload/f_auto,t_100/07340083474323_C1N1_s01",
                "altText": null,
                "galleryIndex": null,
                "width": null
            },
            "outOfStock": false,
            "online": true,
            "displayVolume": "300g",
            "addToCartDisabled": false,
            "name": "Bratwurst",
            "code": "101290607_ST"
        },
        {
            "potentialPromotions": [
                {
                    "threshold": null,
                    "applied": false,
                    "campaignType": "GENERAL",
                    "offerStatus": null,
                    "productCodes": [
                        "101533198_ST"
                    ],
                    "promotionTheme": {
                        "code": "Z019",
                        "visible": null
                    },
                    "textLabelGenerated": "Alltid bra pris!",
                    "textLabelManual": null,
                    "lowestHistoricalPrice": null,
                    "price": {
                        "currencyIso": "SEK",
                        "value": 23.0,
                        "priceType": "BUY",
                        "formattedValue": "23,00 kr",
                        "minQuantity": null,
                        "maxQuantity": null
                    },
                    "promotionType": "MixMatchPricePromotion",
                    "conditionLabel": "2 för",
                    "rewardLabel": "46 kr",
                    "textLabel": "Alltid bra pris!",
                    "redeemLimitLabel": "",
                    "cartLabel": null,
                    "validUntil": null,
                    "timesUsed": null,
                    "qualifyingCount": 2,
                    "comparePrice": "153,33 kr",
                    "splashTitleText": "Alltid bra pris",
                    "realMixAndMatch": false,
                    "mainProductCode": "101533198_ST",
                    "conditionLabelFormatted": "",
                    "promotionRedeemLimit": null,
                    "promotionPercentage": null,
                    "cartLabelFormatted": "",
                    "priority": 208,
                    "code": "10009465148"
                }
            ],
            "inactivePotentialPromotions": [],
            "priceValue": 25.95,
            "price": "25,95 kr",
            "image": {
                "imageType": "PRIMARY",
                "format": "product",
                "url": "https://assets.axfood.se/image/upload/f_auto,t_200/07311043005727_C1N1_s01",
                "altText": null,
                "galleryIndex": null,
                "width": null
            },
            "ranking": 20.9110907032466,
            "depositPrice": "",
            "averageWeight": null,
            "comparePrice": "173,00 kr",
            "comparePriceUnit": "kg",
            "isDrugProduct": false,
            "solrSearchScore": 0.7614262700080872,
            "energyDeclaration": null,
            "newsSplashProduct": false,
            "notAllowedB2b": false,
            "notAllowedAnonymous": false,
            "productLine2": "GARANT, 150g",
            "pickupProductLine2": "GARANT, 150g",
            "priceUnit": "kr/st",
            "priceNoUnit": "25,95",
            "savingsAmount": 5.9,
            "googleAnalyticsCategory": "mejeri-ost-och-agg|ost|matlagningsost",
            "gdprTrackingIncompliant": false,
            "nicotineMedicalProduct": false,
            "tobaccoFreeNicotineProduct": false,
            "nonEkoProduct": false,
            "precautionaryStatements": [],
            "hazards": [],
            "tobaccoProduct": false,
            "showGoodPriceIcon": true,
            "labels": [],
            "seoDescription": "",
            "seoTitle": "",
            "manufacturer": "Garant",
            "incrementValue": 1.0,
            "productBasketType": {
                "code": "ST",
                "type": "ProductBasketTypeEnum"
            },
            "bargainProduct": false,
            "addToCartMessage": "",
            "thumbnail": {
                "imageType": "PRIMARY",
                "format": "thumbnail",
                "url": "https://assets.axfood.se/image/upload/f_auto,t_100/07311043005727_C1N1_s01",
                "altText": null,
                "galleryIndex": null,
                "width": null
            },
            "outOfStock": false,
            "online": true,
            "displayVolume": "150g",
            "addToCartDisabled": false,
            "name": "Fetaost Block 23%",
            "code": "101533198_ST"
        },
        {
            "potentialPromotions": [
                {
                    "threshold": null,
                    "applied": false,
                    "campaignType": "GENERAL",
                    "offerStatus": null,
                    "productCodes": [
                        "101184915_ST",
                        "101197122_ST",
                        "101200167_ST",
                        "101200174_ST",
                        "101200202_ST",
                        "101230771_ST",
                        "101361610_ST"
                    ],
                    "promotionTheme": {
                        "code": "Z019",
                        "visible": null
                    },
                    "textLabelGenerated": "Alltid bra pris!",
                    "textLabelManual": null,
                    "lowestHistoricalPrice": null,
                    "price": {
                        "currencyIso": "SEK",
                        "value": 24.5,
                        "priceType": "BUY",
                        "formattedValue": "24,50 kr",
                        "minQuantity": null,
                        "maxQuantity": null
                    },
                    "promotionType": "MixMatchPricePromotion",
                    "conditionLabel": "2 för",
                    "rewardLabel": "49 kr",
                    "textLabel": "Alltid bra pris!",
                    "redeemLimitLabel": "",
                    "cartLabel": null,
                    "validUntil": null,
                    "timesUsed": null,
                    "qualifyingCount": 2,
                    "comparePrice": "98,00 kr",
                    "splashTitleText": "Alltid bra pris",
                    "realMixAndMatch": true,
                    "mainProductCode": "101184915_ST",
                    "conditionLabelFormatted": "",
                    "promotionRedeemLimit": null,
                    "promotionPercentage": null,
                    "cartLabelFormatted": "",
                    "priority": 208,
                    "code": "10009465147"
                }
            ],
            "inactivePotentialPromotions": [],
            "priceValue": 27.95,
            "price": "27,95 kr",
            "image": {
                "imageType": "PRIMARY",
                "format": "product",
                "url": "https://assets.axfood.se/image/upload/f_auto,t_200/07311171006221_C1N1_s02",
                "altText": null,
                "galleryIndex": null,
                "width": null
            },
            "ranking": 20.9110906999698,
            "depositPrice": "",
            "averageWeight": null,
            "comparePrice": "111,80 kr",
            "comparePriceUnit": "kg",
            "isDrugProduct": false,
            "solrSearchScore": 0.7614262700080872,
            "energyDeclaration": null,
            "newsSplashProduct": false,
            "notAllowedB2b": false,
            "notAllowedAnonymous": false,
            "productLine2": "ABBA, 250g",
            "pickupProductLine2": "ABBA, 250g",
            "priceUnit": "kr/st",
            "priceNoUnit": "27,95",
            "savingsAmount": 6.9,
            "googleAnalyticsCategory": "fisk-och-skaldjur|saser",
            "gdprTrackingIncompliant": false,
            "nicotineMedicalProduct": false,
            "tobaccoFreeNicotineProduct": false,
            "nonEkoProduct": true,
            "precautionaryStatements": [],
            "hazards": [],
            "tobaccoProduct": false,
            "showGoodPriceIcon": true,
            "labels": [],
            "seoDescription": "",
            "seoTitle": "",
            "manufacturer": "Abba",
            "incrementValue": 1.0,
            "productBasketType": {
                "code": "ST",
                "type": "ProductBasketTypeEnum"
            },
            "bargainProduct": false,
            "addToCartMessage": "",
            "thumbnail": {
                "imageType": "PRIMARY",
                "format": "thumbnail",
                "url": "https://assets.axfood.se/image/upload/f_auto,t_100/07311171006221_C1N1_s02",
                "altText": null,
                "galleryIndex": null,
                "width": null
            },
            "outOfStock": false,
            "online": true,
            "displayVolume": "250g",
            "addToCartDisabled": false,
            "name": "Citronsås För Ugnsbakad Lax 4 Port",
            "code": "101184915_ST"
        },
        {
            "potentialPromotions": [
                {
                    "threshold": null,
                    "applied": false,
                    "campaignType": "GENERAL",
                    "offerStatus": null,
                    "productCodes": [
                        "101532473_ST",
                        "101532474_ST",
                        "101532475_ST",
                        "101532476_ST"
                    ],
                    "promotionTheme": {
                        "code": "Z019",
                        "visible": null
                    },
                    "textLabelGenerated": "Alltid bra pris!",
                    "textLabelManual": null,
                    "lowestHistoricalPrice": null,
                    "price": {
                        "currencyIso": "SEK",
                        "value": 24.0,
                        "priceType": "BUY",
                        "formattedValue": "24,00 kr",
                        "minQuantity": null,
                        "maxQuantity": null
                    },
                    "promotionType": "MixMatchPricePromotion",
                    "conditionLabel": "2 för",
                    "rewardLabel": "48 kr",
                    "textLabel": "Alltid bra pris!",
                    "redeemLimitLabel": "",
                    "cartLabel": null,
                    "validUntil": null,
                    "timesUsed": null,
                    "qualifyingCount": 2,
                    "comparePrice": "160,00 kr",
                    "splashTitleText": "Alltid bra pris",
                    "realMixAndMatch": true,
                    "mainProductCode": "101532473_ST",
                    "conditionLabelFormatted": "",
                    "promotionRedeemLimit": null,
                    "promotionPercentage": null,
                    "cartLabelFormatted": "",
                    "priority": 208,
                    "code": "10009465146"
                }
            ],
            "inactivePotentialPromotions": [],
            "priceValue": 28.95,
            "price": "28,95 kr",
            "image": {
                "imageType": "PRIMARY",
                "format": "product",
                "url": "https://assets.axfood.se/image/upload/f_auto,t_200/07311043005789_C1N1_s01",
                "altText": null,
                "galleryIndex": null,
                "width": null
            },
            "ranking": 20.911090696693,
            "depositPrice": "",
            "averageWeight": null,
            "comparePrice": "193,00 kr",
            "comparePriceUnit": "kg",
            "isDrugProduct": false,
            "solrSearchScore": 0.7614262700080872,
            "energyDeclaration": null,
            "newsSplashProduct": false,
            "notAllowedB2b": false,
            "notAllowedAnonymous": false,
            "productLine2": "GARANT, 150g",
            "pickupProductLine2": "GARANT, 150g",
            "priceUnit": "kr/st",
            "priceNoUnit": "28,95",
            "savingsAmount": 9.9,
            "googleAnalyticsCategory": "mejeri-ost-och-agg|ost|matlagningsost",
            "gdprTrackingIncompliant": false,
            "nicotineMedicalProduct": false,
            "tobaccoFreeNicotineProduct": false,
            "nonEkoProduct": false,
            "precautionaryStatements": [],
            "hazards": [],
            "tobaccoProduct": false,
            "showGoodPriceIcon": true,
            "labels": [],
            "seoDescription": "",
            "seoTitle": "",
            "manufacturer": "Garant",
            "incrementValue": 1.0,
            "productBasketType": {
                "code": "ST",
                "type": "ProductBasketTypeEnum"
            },
            "bargainProduct": false,
            "addToCartMessage": "",
            "thumbnail": {
                "imageType": "PRIMARY",
                "format": "thumbnail",
                "url": "https://assets.axfood.se/image/upload/f_auto,t_100/07311043005789_C1N1_s01",
                "altText": null,
                "galleryIndex": null,
                "width": null
            },
            "outOfStock": false,
            "online": true,
            "displayVolume": "150g",
            "addToCartDisabled": false,
            "name": "Gratängost Riven Riven 27%",
            "code": "101532473_ST"
        },
        {
            "potentialPromotions": [
                {
                    "threshold": null,
                    "applied": false,
                    "campaignType": "GENERAL",
                    "offerStatus": null,
                    "productCodes": [
                        "101187496_ST",
                        "101187497_ST",
                        "101282504_ST",
                        "101325160_ST"
                    ],
                    "promotionTheme": {
                        "code": "Z019",
                        "visible": null
                    },
                    "textLabelGenerated": "Alltid bra pris!",
                    "textLabelManual": null,
                    "lowestHistoricalPrice": null,
                    "price": {
                        "currencyIso": "SEK",
                        "value": 19.5,
                        "priceType": "BUY",
                        "formattedValue": "19,50 kr",
                        "minQuantity": null,
                        "maxQuantity": null
                    },
                    "promotionType": "MixMatchPricePromotion",
                    "conditionLabel": "2 för",
                    "rewardLabel": "39 kr",
                    "textLabel": "Alltid bra pris!",
                    "redeemLimitLabel": "",
                    "cartLabel": null,
                    "validUntil": null,
                    "timesUsed": null,
                    "qualifyingCount": 2,
                    "comparePrice": "243,75 kr",
                    "splashTitleText": "Alltid bra pris",
                    "realMixAndMatch": true,
                    "mainProductCode": "101187496_ST",
                    "conditionLabelFormatted": "",
                    "promotionRedeemLimit": null,
                    "promotionPercentage": null,
                    "cartLabelFormatted": "",
                    "priority": 208,
                    "code": "10009465145"
                }
            ],
            "inactivePotentialPromotions": [],
            "priceValue": 22.95,
            "price": "22,95 kr",
            "image": {
                "imageType": "PRIMARY",
                "format": "product",
                "url": "https://assets.axfood.se/image/upload/f_auto,t_200/07311041072905_C1N1_s02",
                "altText": null,
                "galleryIndex": null,
                "width": null
            },
            "ranking": 20.9110906934162,
            "depositPrice": "",
            "averageWeight": null,
            "comparePrice": "286,88 kr",
            "comparePriceUnit": "kg",
            "isDrugProduct": false,
            "solrSearchScore": 0.7614262700080872,
            "energyDeclaration": null,
            "newsSplashProduct": false,
            "notAllowedB2b": false,
            "notAllowedAnonymous": false,
            "productLine2": "GARANT, 80g",
            "pickupProductLine2": "GARANT, 80g",
            "priceUnit": "kr/st",
            "priceNoUnit": "22,95",
            "savingsAmount": 6.9,
            "googleAnalyticsCategory": "kott-fagel-och-chark|palagg|skivat-palagg",
            "gdprTrackingIncompliant": false,
            "nicotineMedicalProduct": false,
            "tobaccoFreeNicotineProduct": false,
            "nonEkoProduct": false,
            "precautionaryStatements": [],
            "hazards": [],
            "tobaccoProduct": false,
            "showGoodPriceIcon": true,
            "labels": [
                "swedish_flag",
                "meat_from_sweden"
            ],
            "seoDescription": "",
            "seoTitle": "",
            "manufacturer": "Garant",
            "incrementValue": 1.0,
            "productBasketType": {
                "code": "ST",
                "type": "ProductBasketTypeEnum"
            },
            "bargainProduct": false,
            "addToCartMessage": "",
            "thumbnail": {
                "imageType": "PRIMARY",
                "format": "thumbnail",
                "url": "https://assets.axfood.se/image/upload/f_auto,t_100/07311041072905_C1N1_s02",
                "altText": null,
                "galleryIndex": null,
                "width": null
            },
            "outOfStock": false,
            "online": true,
            "displayVolume": "80g",
            "addToCartDisabled": false,
            "name": "Vitlökssalami Deliskivor",
            "code": "101187496_ST"
        },
        {
            "potentialPromotions": [
                {
                    "threshold": null,
                    "applied": false,
                    "campaignType": "GENERAL",
                    "offerStatus": null,
                    "productCodes": [
                        "101237094_ST",
                        "101309111_ST",
                        "101500820_ST",
                        "101501908_ST"
                    ],
                    "promotionTheme": {
                        "code": "Z019",
                        "visible": null
                    },
                    "textLabelGenerated": "Alltid bra pris!",
                    "textLabelManual": null,
                    "lowestHistoricalPrice": null,
                    "price": {
                        "currencyIso": "SEK",
                        "value": 22.0,
                        "priceType": "BUY",
                        "formattedValue": "22,00 kr",
                        "minQuantity": null,
                        "maxQuantity": null
                    },
                    "promotionType": "MixMatchPricePromotion",
                    "conditionLabel": "2 för",
                    "rewardLabel": "44 kr",
                    "textLabel": "Alltid bra pris!",
                    "redeemLimitLabel": "",
                    "cartLabel": null,
                    "validUntil": null,
                    "timesUsed": null,
                    "qualifyingCount": 2,
                    "comparePrice": "110,00 kr",
                    "splashTitleText": "Alltid bra pris",
                    "realMixAndMatch": true,
                    "mainProductCode": "101237094_ST",
                    "conditionLabelFormatted": "",
                    "promotionRedeemLimit": null,
                    "promotionPercentage": null,
                    "cartLabelFormatted": "",
                    "priority": 208,
                    "code": "10009465144"
                }
            ],
            "inactivePotentialPromotions": [],
            "priceValue": 22.95,
            "price": "22,95 kr",
            "image": {
                "imageType": "PRIMARY",
                "format": "product",
                "url": "https://assets.axfood.se/image/upload/f_auto,t_200/07340083444388_C1N1_s03",
                "altText": null,
                "galleryIndex": null,
                "width": null
            },
            "ranking": 20.9110906901394,
            "depositPrice": "",
            "averageWeight": null,
            "comparePrice": "114,75 kr",
            "comparePriceUnit": "kg",
            "isDrugProduct": false,
            "solrSearchScore": 0.7614262700080872,
            "energyDeclaration": null,
            "newsSplashProduct": false,
            "notAllowedB2b": false,
            "notAllowedAnonymous": false,
            "productLine2": "GARANT, 200g",
            "pickupProductLine2": "GARANT, 200g",
            "priceUnit": "kr/st",
            "priceNoUnit": "22,95",
            "savingsAmount": 1.9,
            "googleAnalyticsCategory": "brod-och-kakor|korv-och-hamburgerbrod|hamburgerbrod",
            "gdprTrackingIncompliant": false,
            "nicotineMedicalProduct": false,
            "tobaccoFreeNicotineProduct": false,
            "nonEkoProduct": false,
            "precautionaryStatements": [],
            "hazards": [],
            "tobaccoProduct": false,
            "showGoodPriceIcon": true,
            "labels": [],
            "seoDescription": "",
            "seoTitle": "",
            "manufacturer": "Garant",
            "incrementValue": 1.0,
            "productBasketType": {
                "code": "ST",
                "type": "ProductBasketTypeEnum"
            },
            "bargainProduct": false,
            "addToCartMessage": "",
            "thumbnail": {
                "imageType": "PRIMARY",
                "format": "thumbnail",
                "url": "https://assets.axfood.se/image/upload/f_auto,t_100/07340083444388_C1N1_s03",
                "altText": null,
                "galleryIndex": null,
                "width": null
            },
            "outOfStock": false,
            "online": true,
            "displayVolume": "200g",
            "addToCartDisabled": false,
            "name": "Hamburgerbröd Brioche 4-pack",
            "code": "101237094_ST"
        },
        {
            "potentialPromotions": [
                {
                    "threshold": null,
                    "applied": false,
                    "campaignType": "GENERAL",
                    "offerStatus": null,
                    "productCodes": [
                        "101183319_ST",
                        "101285150_ST",
                        "101333888_ST",
                        "101348393_ST",
                        "101348663_ST",
                        "101351816_ST",
                        "101352110_ST",
                        "101435164_ST",
                        "101435165_ST",
                        "101503350_ST",
                        "101784427_ST"
                    ],
                    "promotionTheme": {
                        "code": "Z019",
                        "visible": null
                    },
                    "textLabelGenerated": "Alltid bra pris!",
                    "textLabelManual": null,
                    "lowestHistoricalPrice": null,
                    "price": {
                        "currencyIso": "SEK",
                        "value": 21.0,
                        "priceType": "BUY",
                        "formattedValue": "21,00 kr",
                        "minQuantity": null,
                        "maxQuantity": null
                    },
                    "promotionType": "MixMatchPricePromotion",
                    "conditionLabel": "2 för",
                    "rewardLabel": "42 kr",
                    "textLabel": "Alltid bra pris!",
                    "redeemLimitLabel": "",
                    "cartLabel": null,
                    "validUntil": null,
                    "timesUsed": null,
                    "qualifyingCount": 2,
                    "comparePrice": "175,00 kr",
                    "splashTitleText": "Alltid bra pris",
                    "realMixAndMatch": true,
                    "mainProductCode": "101183319_ST",
                    "conditionLabelFormatted": "",
                    "promotionRedeemLimit": null,
                    "promotionPercentage": null,
                    "cartLabelFormatted": "",
                    "priority": 208,
                    "code": "10009465142"
                }
            ],
            "inactivePotentialPromotions": [],
            "priceValue": 24.95,
            "price": "24,95 kr",
            "image": {
                "imageType": "PRIMARY",
                "format": "product",
                "url": "https://assets.axfood.se/image/upload/f_auto,t_200/07311041071748_C1N1_s02",
                "altText": null,
                "galleryIndex": null,
                "width": null
            },
            "ranking": 20.9110906868626,
            "depositPrice": "",
            "averageWeight": null,
            "comparePrice": "207,92 kr",
            "comparePriceUnit": "kg",
            "isDrugProduct": false,
            "solrSearchScore": 0.7614262700080872,
            "energyDeclaration": null,
            "newsSplashProduct": false,
            "notAllowedB2b": false,
            "notAllowedAnonymous": false,
            "productLine2": "GARANT, 120g",
            "pickupProductLine2": "GARANT, 120g",
            "priceUnit": "kr/st",
            "priceNoUnit": "24,95",
            "savingsAmount": 7.9,
            "googleAnalyticsCategory": "kott-fagel-och-chark|palagg|skivat-palagg",
            "gdprTrackingIncompliant": false,
            "nicotineMedicalProduct": false,
            "tobaccoFreeNicotineProduct": false,
            "nonEkoProduct": false,
            "precautionaryStatements": [],
            "hazards": [],
            "tobaccoProduct": false,
            "showGoodPriceIcon": true,
            "labels": [
                "swedish_flag",
                "meat_from_sweden"
            ],
            "seoDescription": "",
            "seoTitle": "",
            "manufacturer": "Garant",
            "incrementValue": 1.0,
            "productBasketType": {
                "code": "ST",
                "type": "ProductBasketTypeEnum"
            },
            "bargainProduct": false,
            "addToCartMessage": "",
            "thumbnail": {
                "imageType": "PRIMARY",
                "format": "thumbnail",
                "url": "https://assets.axfood.se/image/upload/f_auto,t_100/07311041071748_C1N1_s02",
                "altText": null,
                "galleryIndex": null,
                "width": null
            },
            "outOfStock": false,
            "online": true,
            "displayVolume": "120g",
            "addToCartDisabled": false,
            "name": "Basturökt Skinka Deliskivor",
            "code": "101183319_ST"
        },
        {
            "potentialPromotions": [
                {
                    "threshold": null,
                    "applied": false,
                    "campaignType": "GENERAL",
                    "offerStatus": null,
                    "productCodes": [
                        "101224830_ST",
                        "101224852_ST",
                        "101224871_ST",
                        "101224920_ST",
                        "101232350_ST",
                        "101232351_ST",
                        "101232369_ST",
                        "101260511_ST",
                        "101260512_ST",
                        "101260513_ST",
                        "101294702_ST",
                        "101330136_ST",
                        "101331327_ST",
                        "101356744_ST",
                        "101540906_ST",
                        "101540907_ST"
                    ],
                    "promotionTheme": {
                        "code": "Z019",
                        "visible": null
                    },
                    "textLabelGenerated": "Alltid bra pris!",
                    "textLabelManual": null,
                    "lowestHistoricalPrice": null,
                    "price": {
                        "currencyIso": "SEK",
                        "value": 19.0,
                        "priceType": "BUY",
                        "formattedValue": "19,00 kr",
                        "minQuantity": null,
                        "maxQuantity": null
                    },
                    "promotionType": "MixMatchPricePromotion",
                    "conditionLabel": "2 för",
                    "rewardLabel": "38 kr",
                    "textLabel": "Alltid bra pris!",
                    "redeemLimitLabel": "",
                    "cartLabel": null,
                    "validUntil": null,
                    "timesUsed": null,
                    "qualifyingCount": 2,
                    "comparePrice": "95,00 kr",
                    "splashTitleText": "Alltid bra pris",
                    "realMixAndMatch": true,
                    "mainProductCode": "101224830_ST",
                    "conditionLabelFormatted": "",
                    "promotionRedeemLimit": null,
                    "promotionPercentage": null,
                    "cartLabelFormatted": "",
                    "priority": 208,
                    "code": "10009465140"
                }
            ],
            "inactivePotentialPromotions": [],
            "priceValue": 19.95,
            "price": "19,95 kr",
            "image": {
                "imageType": "PRIMARY",
                "format": "product",
                "url": "https://assets.axfood.se/image/upload/f_auto,t_200/07340083436222_C1C1_s03",
                "altText": null,
                "galleryIndex": null,
                "width": null
            },
            "ranking": 20.911090680309,
            "depositPrice": "",
            "averageWeight": null,
            "comparePrice": "99,75 kr",
            "comparePriceUnit": "l",
            "isDrugProduct": false,
            "solrSearchScore": 0.7614262700080872,
            "energyDeclaration": null,
            "newsSplashProduct": false,
            "notAllowedB2b": false,
            "notAllowedAnonymous": false,
            "productLine2": "GARANT, 200ml",
            "pickupProductLine2": "GARANT, 200ml",
            "priceUnit": "kr/st",
            "priceNoUnit": "19,95",
            "savingsAmount": 1.9,
            "googleAnalyticsCategory": "fisk-och-skaldjur|saser",
            "gdprTrackingIncompliant": false,
            "nicotineMedicalProduct": false,
            "tobaccoFreeNicotineProduct": false,
            "nonEkoProduct": true,
            "precautionaryStatements": [],
            "hazards": [],
            "tobaccoProduct": false,
            "showGoodPriceIcon": true,
            "labels": [],
            "seoDescription": "",
            "seoTitle": "",
            "manufacturer": "Garant",
            "incrementValue": 1.0,
            "productBasketType": {
                "code": "ST",
                "type": "ProductBasketTypeEnum"
            },
            "bargainProduct": false,
            "addToCartMessage": "",
            "thumbnail": {
                "imageType": "PRIMARY",
                "format": "thumbnail",
                "url": "https://assets.axfood.se/image/upload/f_auto,t_100/07340083436222_C1C1_s03",
                "altText": null,
                "galleryIndex": null,
                "width": null
            },
            "outOfStock": false,
            "online": true,
            "displayVolume": "200ml",
            "addToCartDisabled": false,
            "name": "Hovmästarsås Klassisk",
            "code": "101224830_ST"
        },
        {
            "potentialPromotions": [
                {
                    "threshold": null,
                    "applied": false,
                    "campaignType": "GENERAL",
                    "offerStatus": null,
                    "productCodes": [
                        "101344022_ST",
                        "101344023_ST",
                        "101364875_ST",
                        "101656412_ST"
                    ],
                    "promotionTheme": {
                        "code": "Z019",
                        "visible": null
                    },
                    "textLabelGenerated": "Alltid bra pris!",
                    "textLabelManual": null,
                    "lowestHistoricalPrice": null,
                    "price": {
                        "currencyIso": "SEK",
                        "value": 17.5,
                        "priceType": "BUY",
                        "formattedValue": "17,50 kr",
                        "minQuantity": null,
                        "maxQuantity": null
                    },
                    "promotionType": "MixMatchPricePromotion",
                    "conditionLabel": "2 för",
                    "rewardLabel": "35 kr",
                    "textLabel": "Alltid bra pris!",
                    "redeemLimitLabel": "",
                    "cartLabel": null,
                    "validUntil": null,
                    "timesUsed": null,
                    "qualifyingCount": 2,
                    "comparePrice": "140,00 kr",
                    "splashTitleText": "Alltid bra pris",
                    "realMixAndMatch": true,
                    "mainProductCode": "101344022_ST",
                    "conditionLabelFormatted": "",
                    "promotionRedeemLimit": null,
                    "promotionPercentage": null,
                    "cartLabelFormatted": "",
                    "priority": 208,
                    "code": "10009465139"
                }
            ],
            "inactivePotentialPromotions": [],
            "priceValue": 19.95,
            "price": "19,95 kr",
            "image": {
                "imageType": "PRIMARY",
                "format": "product",
                "url": "https://assets.axfood.se/image/upload/f_auto,t_200/07340083490552_C1N1_s01",
                "altText": null,
                "galleryIndex": null,
                "width": null
            },
            "ranking": 20.9110906770322,
            "depositPrice": "",
            "averageWeight": null,
            "comparePrice": "159,60 kr",
            "comparePriceUnit": "kg",
            "isDrugProduct": false,
            "solrSearchScore": 0.7614262700080872,
            "energyDeclaration": null,
            "newsSplashProduct": false,
            "notAllowedB2b": false,
            "notAllowedAnonymous": false,
            "productLine2": "GARANT, 125g",
            "pickupProductLine2": "GARANT, 125g",
            "priceUnit": "kr/st",
            "priceNoUnit": "19,95",
            "savingsAmount": 4.9,
            "googleAnalyticsCategory": "brod-och-kakor|ris-och-majskakor",
            "gdprTrackingIncompliant": false,
            "nicotineMedicalProduct": false,
            "tobaccoFreeNicotineProduct": false,
            "nonEkoProduct": false,
            "precautionaryStatements": [],
            "hazards": [],
            "tobaccoProduct": false,
            "showGoodPriceIcon": true,
            "labels": [
                "crossed_ax"
            ],
            "seoDescription": "",
            "seoTitle": "",
            "manufacturer": "Garant",
            "incrementValue": 1.0,
            "productBasketType": {
                "code": "ST",
                "type": "ProductBasketTypeEnum"
            },
            "bargainProduct": false,
            "addToCartMessage": "",
            "thumbnail": {
                "imageType": "PRIMARY",
                "format": "thumbnail",
                "url": "https://assets.axfood.se/image/upload/f_auto,t_100/07340083490552_C1N1_s01",
                "altText": null,
                "galleryIndex": null,
                "width": null
            },
            "outOfStock": false,
            "online": true,
            "displayVolume": "125g",
            "addToCartDisabled": false,
            "name": "Popcorn Majskakor",
            "code": "101344022_ST"
        },
        {
            "potentialPromotions": [
                {
                    "threshold": null,
                    "applied": false,
                    "campaignType": "GENERAL",
                    "offerStatus": null,
                    "productCodes": [
                        "101340616_ST",
                        "101340617_ST",
                        "101340622_ST",
                        "101340623_ST",
                        "101367007_ST",
                        "101509084_ST",
                        "101599840_ST",
                        "101776420_ST"
                    ],
                    "promotionTheme": {
                        "code": "Z019",
                        "visible": null
                    },
                    "textLabelGenerated": "Alltid bra pris!",
                    "textLabelManual": null,
                    "lowestHistoricalPrice": null,
                    "price": {
                        "currencyIso": "SEK",
                        "value": 16.5,
                        "priceType": "BUY",
                        "formattedValue": "16,50 kr",
                        "minQuantity": null,
                        "maxQuantity": null
                    },
                    "promotionType": "MixMatchPricePromotion",
                    "conditionLabel": "2 för",
                    "rewardLabel": "33 kr",
                    "textLabel": "Alltid bra pris!",
                    "redeemLimitLabel": "",
                    "cartLabel": null,
                    "validUntil": null,
                    "timesUsed": null,
                    "qualifyingCount": 2,
                    "comparePrice": "91,67 kr",
                    "splashTitleText": "Alltid bra pris",
                    "realMixAndMatch": true,
                    "mainProductCode": "101340616_ST",
                    "conditionLabelFormatted": "",
                    "promotionRedeemLimit": null,
                    "promotionPercentage": null,
                    "cartLabelFormatted": "",
                    "priority": 208,
                    "code": "10009465138"
                }
            ],
            "inactivePotentialPromotions": [],
            "priceValue": 18.95,
            "price": "18,95 kr",
            "image": {
                "imageType": "PRIMARY",
                "format": "product",
                "url": "https://assets.axfood.se/image/upload/f_auto,t_200/06408430407675_C1C1_s03",
                "altText": null,
                "galleryIndex": null,
                "width": null
            },
            "ranking": 20.9110906737554,
            "depositPrice": "",
            "averageWeight": null,
            "comparePrice": "105,28 kr",
            "comparePriceUnit": "kg",
            "isDrugProduct": false,
            "solrSearchScore": 0.7614262700080872,
            "energyDeclaration": null,
            "newsSplashProduct": false,
            "notAllowedB2b": false,
            "notAllowedAnonymous": false,
            "productLine2": "VALIO, 180g",
            "pickupProductLine2": "VALIO, 180g",
            "priceUnit": "kr/st",
            "priceNoUnit": "18,95",
            "savingsAmount": 4.9,
            "googleAnalyticsCategory": "mejeri-ost-och-agg|mellanmal-och-desserter|smamal-och-dricka-nu",
            "gdprTrackingIncompliant": false,
            "nicotineMedicalProduct": false,
            "tobaccoFreeNicotineProduct": false,
            "nonEkoProduct": false,
            "precautionaryStatements": [],
            "hazards": [],
            "tobaccoProduct": false,
            "showGoodPriceIcon": true,
            "labels": [
                "rainforest_alliance",
                "environmental_facet"
            ],
            "seoDescription": "",
            "seoTitle": "",
            "manufacturer": "Valio",
            "incrementValue": 1.0,
            "productBasketType": {
                "code": "ST",
                "type": "ProductBasketTypeEnum"
            },
            "bargainProduct": false,
            "addToCartMessage": "",
            "thumbnail": {
                "imageType": "PRIMARY",
                "format": "thumbnail",
                "url": "https://assets.axfood.se/image/upload/f_auto,t_100/06408430407675_C1C1_s03",
                "altText": null,
                "galleryIndex": null,
                "width": null
            },
            "outOfStock": false,
            "online": true,
            "displayVolume": "180g",
            "addToCartDisabled": false,
            "name": "Choklad Proteinpudding Laktosfri",
            "code": "101340616_ST"
        },
        {
            "potentialPromotions": [
                {
                    "threshold": null,
                    "applied": false,
                    "campaignType": "GENERAL",
                    "offerStatus": null,
                    "productCodes": [
                        "101599232_ST",
                        "101599233_ST",
                        "101599234_ST",
                        "101599235_ST"
                    ],
                    "promotionTheme": {
                        "code": "Z019",
                        "visible": null
                    },
                    "textLabelGenerated": "Alltid bra pris!",
                    "textLabelManual": null,
                    "lowestHistoricalPrice": null,
                    "price": {
                        "currencyIso": "SEK",
                        "value": 17.5,
                        "priceType": "BUY",
                        "formattedValue": "17,50 kr",
                        "minQuantity": null,
                        "maxQuantity": null
                    },
                    "promotionType": "MixMatchPricePromotion",
                    "conditionLabel": "2 för",
                    "rewardLabel": "35 kr",
                    "textLabel": "Alltid bra pris!",
                    "redeemLimitLabel": "",
                    "cartLabel": null,
                    "validUntil": null,
                    "timesUsed": null,
                    "qualifyingCount": 2,
                    "comparePrice": "140,00 kr",
                    "splashTitleText": "Alltid bra pris",
                    "realMixAndMatch": true,
                    "mainProductCode": "101599232_ST",
                    "conditionLabelFormatted": "",
                    "promotionRedeemLimit": null,
                    "promotionPercentage": null,
                    "cartLabelFormatted": "",
                    "priority": 208,
                    "code": "10009465137"
                }
            ],
            "inactivePotentialPromotions": [],
            "priceValue": 19.95,
            "price": "19,95 kr",
            "image": {
                "imageType": "PRIMARY",
                "format": "product",
                "url": "https://assets.axfood.se/image/upload/f_auto,t_200/07038010072031_C1L1_s01",
                "altText": null,
                "galleryIndex": null,
                "width": null
            },
            "ranking": 20.9110906704786,
            "depositPrice": "",
            "averageWeight": null,
            "comparePrice": "159,60 kr",
            "comparePriceUnit": "kg",
            "isDrugProduct": false,
            "solrSearchScore": 0.7614262700080872,
            "energyDeclaration": null,
            "newsSplashProduct": false,
            "notAllowedB2b": false,
            "notAllowedAnonymous": false,
            "productLine2": "TINE, 125g",
            "pickupProductLine2": "TINE, 125g",
            "priceUnit": "kr/st",
            "priceNoUnit": "19,95",
            "savingsAmount": 4.9,
            "googleAnalyticsCategory": "mejeri-ost-och-agg|ost|farskost",
            "gdprTrackingIncompliant": false,
            "nicotineMedicalProduct": false,
            "tobaccoFreeNicotineProduct": false,
            "nonEkoProduct": false,
            "precautionaryStatements": [],
            "hazards": [],
            "tobaccoProduct": false,
            "showGoodPriceIcon": true,
            "labels": [],
            "seoDescription": "",
            "seoTitle": "",
            "manufacturer": "Tine",
            "incrementValue": 1.0,
            "productBasketType": {
                "code": "ST",
                "type": "ProductBasketTypeEnum"
            },
            "bargainProduct": false,
            "addToCartMessage": "",
            "thumbnail": {
                "imageType": "PRIMARY",
                "format": "thumbnail",
                "url": "https://assets.axfood.se/image/upload/f_auto,t_100/07038010072031_C1L1_s01",
                "altText": null,
                "galleryIndex": null,
                "width": null
            },
            "outOfStock": false,
            "online": true,
            "displayVolume": "125g",
            "addToCartDisabled": false,
            "name": "Paprika Lök Färskost 24%",
            "code": "101599232_ST"
        },
        {
            "potentialPromotions": [
                {
                    "threshold": null,
                    "applied": false,
                    "campaignType": "GENERAL",
                    "offerStatus": null,
                    "productCodes": [
                        "101237292_ST",
                        "101241355_ST",
                        "101607223_ST"
                    ],
                    "promotionTheme": {
                        "code": "Z019",
                        "visible": null
                    },
                    "textLabelGenerated": "Alltid bra pris!",
                    "textLabelManual": null,
                    "lowestHistoricalPrice": null,
                    "price": {
                        "currencyIso": "SEK",
                        "value": 17.0,
                        "priceType": "BUY",
                        "formattedValue": "17,00 kr",
                        "minQuantity": null,
                        "maxQuantity": null
                    },
                    "promotionType": "MixMatchPricePromotion",
                    "conditionLabel": "2 för",
                    "rewardLabel": "34 kr",
                    "textLabel": "Alltid bra pris!",
                    "redeemLimitLabel": "",
                    "cartLabel": null,
                    "validUntil": null,
                    "timesUsed": null,
                    "qualifyingCount": 2,
                    "comparePrice": "85,00 kr",
                    "splashTitleText": "Alltid bra pris",
                    "realMixAndMatch": true,
                    "mainProductCode": "101237292_ST",
                    "conditionLabelFormatted": "",
                    "promotionRedeemLimit": null,
                    "promotionPercentage": null,
                    "cartLabelFormatted": "",
                    "priority": 208,
                    "code": "10009465136"
                }
            ],
            "inactivePotentialPromotions": [],
            "priceValue": 19.95,
            "price": "19,95 kr",
            "image": {
                "imageType": "PRIMARY",
                "format": "product",
                "url": "https://assets.axfood.se/image/upload/f_auto,t_200/00000073143611_C1N1_s07",
                "altText": null,
                "galleryIndex": null,
                "width": null
            },
            "ranking": 20.9110906672018,
            "depositPrice": "",
            "averageWeight": null,
            "comparePrice": "99,75 kr",
            "comparePriceUnit": "kg",
            "isDrugProduct": false,
            "solrSearchScore": 0.7614262700080872,
            "energyDeclaration": null,
            "newsSplashProduct": false,
            "notAllowedB2b": false,
            "notAllowedAnonymous": false,
            "productLine2": "PROPUD, 200g",
            "pickupProductLine2": "PROPUD, 200g",
            "priceUnit": "kr/st",
            "priceNoUnit": "19,95",
            "savingsAmount": 5.9,
            "googleAnalyticsCategory": "mejeri-ost-och-agg|mellanmal-och-desserter|smamal-och-dricka-nu",
            "gdprTrackingIncompliant": false,
            "nicotineMedicalProduct": false,
            "tobaccoFreeNicotineProduct": false,
            "nonEkoProduct": false,
            "precautionaryStatements": [],
            "hazards": [],
            "tobaccoProduct": false,
            "showGoodPriceIcon": true,
            "labels": [],
            "seoDescription": "",
            "seoTitle": "",
            "manufacturer": "Propud",
            "incrementValue": 1.0,
            "productBasketType": {
                "code": "ST",
                "type": "ProductBasketTypeEnum"
            },
            "bargainProduct": false,
            "addToCartMessage": "",
            "thumbnail": {
                "imageType": "PRIMARY",
                "format": "thumbnail",
                "url": "https://assets.axfood.se/image/upload/f_auto,t_100/00000073143611_C1N1_s07",
                "altText": null,
                "galleryIndex": null,
                "width": null
            },
            "outOfStock": false,
            "online": true,
            "displayVolume": "200g",
            "addToCartDisabled": false,
            "name": "Chocolate Protein Pudding Lactose Free",
            "code": "101237292_ST"
        },
        {
            "potentialPromotions": [
                {
                    "threshold": null,
                    "applied": false,
                    "campaignType": "GENERAL",
                    "offerStatus": null,
                    "productCodes": [
                        "101291856_ST",
                        "101291918_ST",
                        "101357635_ST",
                        "101514213_ST",
                        "101546108_ST",
                        "101680524_ST"
                    ],
                    "promotionTheme": {
                        "code": "Z019",
                        "visible": null
                    },
                    "textLabelGenerated": "Alltid bra pris!",
                    "textLabelManual": null,
                    "lowestHistoricalPrice": null,
                    "price": {
                        "currencyIso": "SEK",
                        "value": 15.0,
                        "priceType": "BUY",
                        "formattedValue": "15,00 kr",
                        "minQuantity": null,
                        "maxQuantity": null
                    },
                    "promotionType": "MixMatchPricePromotion",
                    "conditionLabel": "2 för",
                    "rewardLabel": "30 kr",
                    "textLabel": "Alltid bra pris!",
                    "redeemLimitLabel": "",
                    "cartLabel": null,
                    "validUntil": null,
                    "timesUsed": null,
                    "qualifyingCount": 2,
                    "comparePrice": "15,00 kr",
                    "splashTitleText": "Alltid bra pris",
                    "realMixAndMatch": true,
                    "mainProductCode": "101291856_ST",
                    "conditionLabelFormatted": "",
                    "promotionRedeemLimit": null,
                    "promotionPercentage": null,
                    "cartLabelFormatted": "",
                    "priority": 208,
                    "code": "10009465135"
                }
            ],
            "inactivePotentialPromotions": [],
            "priceValue": 17.95,
            "price": "17,95 kr",
            "image": {
                "imageType": "PRIMARY",
                "format": "product",
                "url": "https://assets.axfood.se/image/upload/f_auto,t_200/07350068295867_C1L1_s01",
                "altText": null,
                "galleryIndex": null,
                "width": null
            },
            "ranking": 20.911090663925002,
            "depositPrice": "",
            "averageWeight": null,
            "comparePrice": "17,95 kr",
            "comparePriceUnit": "l",
            "isDrugProduct": false,
            "solrSearchScore": 0.7614262700080872,
            "energyDeclaration": null,
            "newsSplashProduct": false,
            "notAllowedB2b": false,
            "notAllowedAnonymous": false,
            "productLine2": "LOWCALY, 1l",
            "pickupProductLine2": "LOWCALY, 1l",
            "priceUnit": "kr/st",
            "priceNoUnit": "17,95",
            "savingsAmount": 5.9,
            "googleAnalyticsCategory": "dryck|juice-och-fruktdryck|ej-kyld-juice",
            "gdprTrackingIncompliant": false,
            "nicotineMedicalProduct": false,
            "tobaccoFreeNicotineProduct": false,
            "nonEkoProduct": false,
            "precautionaryStatements": [],
            "hazards": [],
            "tobaccoProduct": false,
            "showGoodPriceIcon": true,
            "labels": [],
            "seoDescription": "",
            "seoTitle": "",
            "manufacturer": "Lowcaly",
            "incrementValue": 1.0,
            "productBasketType": {
                "code": "ST",
                "type": "ProductBasketTypeEnum"
            },
            "bargainProduct": false,
            "addToCartMessage": "",
            "thumbnail": {
                "imageType": "PRIMARY",
                "format": "thumbnail",
                "url": "https://assets.axfood.se/image/upload/f_auto,t_100/07350068295867_C1L1_s01",
                "altText": null,
                "galleryIndex": null,
                "width": null
            },
            "outOfStock": false,
            "online": true,
            "displayVolume": "1l",
            "addToCartDisabled": false,
            "name": "Mango Sugar Free Fruktdryck",
            "code": "101291856_ST"
        },
        {
            "potentialPromotions": [
                {
                    "threshold": null,
                    "applied": false,
                    "campaignType": "GENERAL",
                    "offerStatus": null,
                    "productCodes": [
                        "101328964_ST"
                    ],
                    "promotionTheme": {
                        "code": "Z019",
                        "visible": null
                    },
                    "textLabelGenerated": "Alltid bra pris!",
                    "textLabelManual": null,
                    "lowestHistoricalPrice": null,
                    "price": {
                        "currencyIso": "SEK",
                        "value": 16.0,
                        "priceType": "BUY",
                        "formattedValue": "16,00 kr",
                        "minQuantity": null,
                        "maxQuantity": null
                    },
                    "promotionType": "MixMatchPricePromotion",
                    "conditionLabel": "2 för",
                    "rewardLabel": "32 kr",
                    "textLabel": "Alltid bra pris!",
                    "redeemLimitLabel": "",
                    "cartLabel": null,
                    "validUntil": null,
                    "timesUsed": null,
                    "qualifyingCount": 2,
                    "comparePrice": "16,00 kr",
                    "splashTitleText": "Alltid bra pris",
                    "realMixAndMatch": false,
                    "mainProductCode": "101328964_ST",
                    "conditionLabelFormatted": "",
                    "promotionRedeemLimit": null,
                    "promotionPercentage": null,
                    "cartLabelFormatted": "",
                    "priority": 208,
                    "code": "10009465134"
                }
            ],
            "inactivePotentialPromotions": [],
            "priceValue": 16.95,
            "price": "16,95 kr",
            "image": {
                "imageType": "PRIMARY",
                "format": "product",
                "url": "https://assets.axfood.se/image/upload/f_auto,t_200/07340083483981_C1N1_s02",
                "altText": null,
                "galleryIndex": null,
                "width": null
            },
            "ranking": 20.9110906606482,
            "depositPrice": "",
            "averageWeight": null,
            "comparePrice": "16,95 kr",
            "comparePriceUnit": "l",
            "isDrugProduct": false,
            "solrSearchScore": 0.7614262700080872,
            "energyDeclaration": null,
            "newsSplashProduct": false,
            "notAllowedB2b": false,
            "notAllowedAnonymous": false,
            "productLine2": "GARANT, 1l",
            "pickupProductLine2": "GARANT, 1l",
            "priceUnit": "kr/st",
            "priceNoUnit": "16,95",
            "savingsAmount": 1.9,
            "googleAnalyticsCategory": "mejeri-ost-och-agg|vaxtbaserat|vaxtbaserad-dryck",
            "gdprTrackingIncompliant": false,
            "nicotineMedicalProduct": false,
            "tobaccoFreeNicotineProduct": false,
            "nonEkoProduct": false,
            "precautionaryStatements": [],
            "hazards": [],
            "tobaccoProduct": false,
            "showGoodPriceIcon": true,
            "labels": [
                "swedish_flag",
                "from_sweden"
            ],
            "seoDescription": "",
            "seoTitle": "",
            "manufacturer": "Garant",
            "incrementValue": 1.0,
            "productBasketType": {
                "code": "ST",
                "type": "ProductBasketTypeEnum"
            },
            "bargainProduct": false,
            "addToCartMessage": "",
            "thumbnail": {
                "imageType": "PRIMARY",
                "format": "thumbnail",
                "url": "https://assets.axfood.se/image/upload/f_auto,t_100/07340083483981_C1N1_s02",
                "altText": null,
                "galleryIndex": null,
                "width": null
            },
            "outOfStock": false,
            "online": true,
            "displayVolume": "1l",
            "addToCartDisabled": false,
            "name": "Havredryck Vegetabilisk 1,5%",
            "code": "101328964_ST"
        },
        {
            "potentialPromotions": [
                {
                    "threshold": null,
                    "applied": false,
                    "campaignType": "GENERAL",
                    "offerStatus": null,
                    "productCodes": [
                        "101212630_ST",
                        "101212634_ST",
                        "101212673_ST",
                        "101212674_ST",
                        "101212681_ST",
                        "101500404_ST",
                        "101583191_ST"
                    ],
                    "promotionTheme": {
                        "code": "Z019",
                        "visible": null
                    },
                    "textLabelGenerated": "Alltid bra pris!",
                    "textLabelManual": null,
                    "lowestHistoricalPrice": null,
                    "price": {
                        "currencyIso": "SEK",
                        "value": 17.5,
                        "priceType": "BUY",
                        "formattedValue": "17,50 kr",
                        "minQuantity": null,
                        "maxQuantity": null
                    },
                    "promotionType": "MixMatchPricePromotion",
                    "conditionLabel": "2 för",
                    "rewardLabel": "35 kr",
                    "textLabel": "Alltid bra pris!",
                    "redeemLimitLabel": "",
                    "cartLabel": null,
                    "validUntil": null,
                    "timesUsed": null,
                    "qualifyingCount": 2,
                    "comparePrice": "70,00 kr",
                    "splashTitleText": "Alltid bra pris",
                    "realMixAndMatch": true,
                    "mainProductCode": "101212630_ST",
                    "conditionLabelFormatted": "",
                    "promotionRedeemLimit": null,
                    "promotionPercentage": null,
                    "cartLabelFormatted": "",
                    "priority": 208,
                    "code": "10009465133"
                }
            ],
            "inactivePotentialPromotions": [],
            "priceValue": 19.95,
            "price": "19,95 kr",
            "image": {
                "imageType": "PRIMARY",
                "format": "product",
                "url": "https://assets.axfood.se/image/upload/f_auto,t_200/07340083430640_C1C1_s02",
                "altText": null,
                "galleryIndex": null,
                "width": null
            },
            "ranking": 20.9110906573714,
            "depositPrice": "",
            "averageWeight": null,
            "comparePrice": "79,80 kr",
            "comparePriceUnit": "kg",
            "isDrugProduct": false,
            "solrSearchScore": 0.7614262700080872,
            "energyDeclaration": null,
            "newsSplashProduct": false,
            "notAllowedB2b": false,
            "notAllowedAnonymous": false,
            "productLine2": "GARANT, 250g",
            "pickupProductLine2": "GARANT, 250g",
            "priceUnit": "kr/st",
            "priceNoUnit": "19,95",
            "savingsAmount": 4.9,
            "googleAnalyticsCategory": "fardigmat|farsk-pasta",
            "gdprTrackingIncompliant": false,
            "nicotineMedicalProduct": false,
            "tobaccoFreeNicotineProduct": false,
            "nonEkoProduct": false,
            "precautionaryStatements": [],
            "hazards": [],
            "tobaccoProduct": false,
            "showGoodPriceIcon": true,
            "labels": [],
            "seoDescription": "",
            "seoTitle": "",
            "manufacturer": "Garant",
            "incrementValue": 1.0,
            "productBasketType": {
                "code": "ST",
                "type": "ProductBasketTypeEnum"
            },
            "bargainProduct": false,
            "addToCartMessage": "",
            "thumbnail": {
                "imageType": "PRIMARY",
                "format": "thumbnail",
                "url": "https://assets.axfood.se/image/upload/f_auto,t_100/07340083430640_C1C1_s02",
                "altText": null,
                "galleryIndex": null,
                "width": null
            },
            "outOfStock": false,
            "online": true,
            "displayVolume": "250g",
            "addToCartDisabled": false,
            "name": "Tagliolini Färsk Pasta",
            "code": "101212630_ST"
        },
        {
            "potentialPromotions": [
                {
                    "threshold": null,
                    "applied": false,
                    "campaignType": "GENERAL",
                    "offerStatus": null,
                    "productCodes": [
                        "101406133_ST"
                    ],
                    "promotionTheme": {
                        "code": "Z019",
                        "visible": null
                    },
                    "textLabelGenerated": "Alltid bra pris!",
                    "textLabelManual": null,
                    "lowestHistoricalPrice": null,
                    "price": {
                        "currencyIso": "SEK",
                        "value": 14.5,
                        "priceType": "BUY",
                        "formattedValue": "14,50 kr",
                        "minQuantity": null,
                        "maxQuantity": null
                    },
                    "promotionType": "MixMatchPricePromotion",
                    "conditionLabel": "2 för",
                    "rewardLabel": "29 kr",
                    "textLabel": "Alltid bra pris!",
                    "redeemLimitLabel": "",
                    "cartLabel": null,
                    "validUntil": null,
                    "timesUsed": null,
                    "qualifyingCount": 2,
                    "comparePrice": "103,57 kr",
                    "splashTitleText": "Alltid bra pris",
                    "realMixAndMatch": false,
                    "mainProductCode": "101406133_ST",
                    "conditionLabelFormatted": "",
                    "promotionRedeemLimit": null,
                    "promotionPercentage": null,
                    "cartLabelFormatted": "",
                    "priority": 208,
                    "code": "10009465132"
                }
            ],
            "inactivePotentialPromotions": [],
            "priceValue": 15.95,
            "price": "15,95 kr",
            "image": {
                "imageType": "PRIMARY",
                "format": "product",
                "url": "https://assets.axfood.se/image/upload/f_auto,t_200/07340083497346_C1N1_s02",
                "altText": null,
                "galleryIndex": null,
                "width": null
            },
            "ranking": 20.9110906540946,
            "depositPrice": "",
            "averageWeight": null,
            "comparePrice": "113,93 kr",
            "comparePriceUnit": "kg",
            "isDrugProduct": false,
            "solrSearchScore": 0.7614262700080872,
            "energyDeclaration": null,
            "newsSplashProduct": false,
            "notAllowedB2b": false,
            "notAllowedAnonymous": false,
            "productLine2": "GARANT, 140g",
            "pickupProductLine2": "GARANT, 140g",
            "priceUnit": "kr/st",
            "priceNoUnit": "15,95",
            "savingsAmount": 2.9,
            "googleAnalyticsCategory": "kott-fagel-och-chark|chark|bacon-och-stekflask",
            "gdprTrackingIncompliant": false,
            "nicotineMedicalProduct": false,
            "tobaccoFreeNicotineProduct": false,
            "nonEkoProduct": false,
            "precautionaryStatements": [],
            "hazards": [],
            "tobaccoProduct": false,
            "showGoodPriceIcon": true,
            "labels": [
                "swedish_flag",
                "meat_from_sweden"
            ],
            "seoDescription": "",
            "seoTitle": "",
            "manufacturer": "Garant",
            "incrementValue": 1.0,
            "productBasketType": {
                "code": "ST",
                "type": "ProductBasketTypeEnum"
            },
            "bargainProduct": false,
            "addToCartMessage": "",
            "thumbnail": {
                "imageType": "PRIMARY",
                "format": "thumbnail",
                "url": "https://assets.axfood.se/image/upload/f_auto,t_100/07340083497346_C1N1_s02",
                "altText": null,
                "galleryIndex": null,
                "width": null
            },
            "outOfStock": false,
            "online": true,
            "displayVolume": "140g",
            "addToCartDisabled": false,
            "name": "Bacon Rökt & Skivat",
            "code": "101406133_ST"
        },
        {
            "potentialPromotions": [
                {
                    "threshold": null,
                    "applied": false,
                    "campaignType": "GENERAL",
                    "offerStatus": null,
                    "productCodes": [
                        "101295235_ST"
                    ],
                    "promotionTheme": {
                        "code": "Z019",
                        "visible": null
                    },
                    "textLabelGenerated": "Alltid bra pris!",
                    "textLabelManual": null,
                    "lowestHistoricalPrice": null,
                    "price": {
                        "currencyIso": "SEK",
                        "value": 10.0,
                        "priceType": "BUY",
                        "formattedValue": "10,00 kr",
                        "minQuantity": null,
                        "maxQuantity": null
                    },
                    "promotionType": "MixMatchPricePromotion",
                    "conditionLabel": "3 för",
                    "rewardLabel": "30 kr",
                    "textLabel": "Alltid bra pris!",
                    "redeemLimitLabel": "",
                    "cartLabel": null,
                    "validUntil": null,
                    "timesUsed": null,
                    "qualifyingCount": 3,
                    "comparePrice": "80,00 kr",
                    "splashTitleText": "Alltid bra pris",
                    "realMixAndMatch": false,
                    "mainProductCode": "101295235_ST",
                    "conditionLabelFormatted": "",
                    "promotionRedeemLimit": null,
                    "promotionPercentage": null,
                    "cartLabelFormatted": "",
                    "priority": 208,
                    "code": "10009465131"
                }
            ],
            "inactivePotentialPromotions": [],
            "priceValue": 12.95,
            "price": "12,95 kr",
            "image": {
                "imageType": "PRIMARY",
                "format": "product",
                "url": "https://assets.axfood.se/image/upload/f_auto,t_200/07611612160841_C1N1_s01",
                "altText": null,
                "galleryIndex": null,
                "width": null
            },
            "ranking": 20.9110906508178,
            "depositPrice": "",
            "averageWeight": null,
            "comparePrice": "103,60 kr",
            "comparePriceUnit": "kg",
            "isDrugProduct": false,
            "solrSearchScore": 0.7614262700080872,
            "energyDeclaration": null,
            "newsSplashProduct": false,
            "notAllowedB2b": false,
            "notAllowedAnonymous": false,
            "productLine2": "FRESCA D´ORO, 125g",
            "pickupProductLine2": "FRESCA D´ORO, 125g",
            "priceUnit": "kr/st",
            "priceNoUnit": "12,95",
            "savingsAmount": 8.85,
            "googleAnalyticsCategory": "mejeri-ost-och-agg|ost|matlagningsost",
            "gdprTrackingIncompliant": false,
            "nicotineMedicalProduct": false,
            "tobaccoFreeNicotineProduct": false,
            "nonEkoProduct": false,
            "precautionaryStatements": [],
            "hazards": [],
            "tobaccoProduct": false,
            "showGoodPriceIcon": true,
            "labels": [],
            "seoDescription": "",
            "seoTitle": "",
            "manufacturer": "Fresca D´oro",
            "incrementValue": 1.0,
            "productBasketType": {
                "code": "ST",
                "type": "ProductBasketTypeEnum"
            },
            "bargainProduct": false,
            "addToCartMessage": "",
            "thumbnail": {
                "imageType": "PRIMARY",
                "format": "thumbnail",
                "url": "https://assets.axfood.se/image/upload/f_auto,t_100/07611612160841_C1N1_s01",
                "altText": null,
                "galleryIndex": null,
                "width": null
            },
            "outOfStock": false,
            "online": true,
            "displayVolume": "125g",
            "addToCartDisabled": false,
            "name": "Mozzarella",
            "code": "101295235_ST"
        },
        {
            "potentialPromotions": [
                {
                    "threshold": null,
                    "applied": false,
                    "campaignType": "GENERAL",
                    "offerStatus": null,
                    "productCodes": [
                        "101246038_ST"
                    ],
                    "promotionTheme": {
                        "code": "Z019",
                        "visible": null
                    },
                    "textLabelGenerated": "Alltid bra pris!",
                    "textLabelManual": null,
                    "lowestHistoricalPrice": null,
                    "price": {
                        "currencyIso": "SEK",
                        "value": 8.333333333333334,
                        "priceType": "BUY",
                        "formattedValue": "8,33 kr",
                        "minQuantity": null,
                        "maxQuantity": null
                    },
                    "promotionType": "MixMatchPricePromotion",
                    "conditionLabel": "3 för",
                    "rewardLabel": "25 kr",
                    "textLabel": "Alltid bra pris!",
                    "redeemLimitLabel": "",
                    "cartLabel": null,
                    "validUntil": null,
                    "timesUsed": null,
                    "qualifyingCount": 3,
                    "comparePrice": "69,44 kr",
                    "splashTitleText": "Alltid bra pris",
                    "realMixAndMatch": false,
                    "mainProductCode": "101246038_ST",
                    "conditionLabelFormatted": "",
                    "promotionRedeemLimit": null,
                    "promotionPercentage": null,
                    "cartLabelFormatted": "",
                    "priority": 208,
                    "code": "10009465129"
                }
            ],
            "inactivePotentialPromotions": [],
            "priceValue": 9.5,
            "price": "9,50 kr",
            "image": {
                "imageType": "PRIMARY",
                "format": "product",
                "url": "https://assets.axfood.se/image/upload/f_auto,t_200/07310470661803_C1C1_s01",
                "altText": null,
                "galleryIndex": null,
                "width": null
            },
            "ranking": 20.9110906442642,
            "depositPrice": "",
            "averageWeight": null,
            "comparePrice": "79,17 kr",
            "comparePriceUnit": "kg",
            "isDrugProduct": false,
            "solrSearchScore": 0.7614262700080872,
            "energyDeclaration": null,
            "newsSplashProduct": false,
            "notAllowedB2b": false,
            "notAllowedAnonymous": false,
            "productLine2": "EKSTRÖMS, 120g",
            "pickupProductLine2": "EKSTRÖMS, 120g",
            "priceUnit": "kr/st",
            "priceNoUnit": "9,50",
            "savingsAmount": 3.499999999999998,
            "googleAnalyticsCategory": "mejeri-ost-och-agg|mellanmal-och-desserter|desserter",
            "gdprTrackingIncompliant": false,
            "nicotineMedicalProduct": false,
            "tobaccoFreeNicotineProduct": false,
            "nonEkoProduct": false,
            "precautionaryStatements": [],
            "hazards": [],
            "tobaccoProduct": false,
            "showGoodPriceIcon": true,
            "labels": [],
            "seoDescription": "",
            "seoTitle": "",
            "manufacturer": "Ekströms",
            "incrementValue": 1.0,
            "productBasketType": {
                "code": "ST",
                "type": "ProductBasketTypeEnum"
            },
            "bargainProduct": false,
            "addToCartMessage": "",
            "thumbnail": {
                "imageType": "PRIMARY",
                "format": "thumbnail",
                "url": "https://assets.axfood.se/image/upload/f_auto,t_100/07310470661803_C1C1_s01",
                "altText": null,
                "galleryIndex": null,
                "width": null
            },
            "outOfStock": false,
            "online": true,
            "displayVolume": "120g",
            "addToCartDisabled": false,
            "name": "Jacky Chokladpudding",
            "code": "101246038_ST"
        },
        {
            "potentialPromotions": [
                {
                    "threshold": null,
                    "applied": false,
                    "campaignType": "GENERAL",
                    "offerStatus": null,
                    "productCodes": [
                        "101331048_ST",
                        "101331049_ST",
                        "101591147_ST",
                        "101591209_ST",
                        "101591210_ST"
                    ],
                    "promotionTheme": {
                        "code": "Z019",
                        "visible": null
                    },
                    "textLabelGenerated": "Alltid bra pris!",
                    "textLabelManual": null,
                    "lowestHistoricalPrice": null,
                    "price": {
                        "currencyIso": "SEK",
                        "value": 10.5,
                        "priceType": "BUY",
                        "formattedValue": "10,50 kr",
                        "minQuantity": null,
                        "maxQuantity": null
                    },
                    "promotionType": "MixMatchPricePromotion",
                    "conditionLabel": "2 för",
                    "rewardLabel": "21 kr",
                    "textLabel": "Alltid bra pris!",
                    "redeemLimitLabel": "",
                    "cartLabel": null,
                    "validUntil": null,
                    "timesUsed": null,
                    "qualifyingCount": 2,
                    "comparePrice": "42,00 kr",
                    "splashTitleText": "Alltid bra pris",
                    "realMixAndMatch": true,
                    "mainProductCode": "101273570_ST",
                    "conditionLabelFormatted": "",
                    "promotionRedeemLimit": null,
                    "promotionPercentage": null,
                    "cartLabelFormatted": "",
                    "priority": 208,
                    "code": "10009465128"
                }
            ],
            "inactivePotentialPromotions": [],
            "priceValue": 11.95,
            "price": "11,95 kr",
            "image": {
                "imageType": "PRIMARY",
                "format": "product",
                "url": "https://assets.axfood.se/image/upload/f_auto,t_200/07340083486456_C1N1_s02",
                "altText": null,
                "galleryIndex": null,
                "width": null
            },
            "ranking": 20.9110906409874,
            "depositPrice": "",
            "averageWeight": null,
            "comparePrice": "47,80 kr",
            "comparePriceUnit": "kg",
            "isDrugProduct": false,
            "solrSearchScore": 0.7614262700080872,
            "energyDeclaration": null,
            "newsSplashProduct": false,
            "notAllowedB2b": false,
            "notAllowedAnonymous": false,
            "productLine2": "ELDORADO, 250g",
            "pickupProductLine2": "ELDORADO, 250g",
            "priceUnit": "kr/st",
            "priceNoUnit": "11,95",
            "savingsAmount": 2.9,
            "googleAnalyticsCategory": "mejeri-ost-och-agg|mellanmal-och-desserter|smamal-och-dricka-nu",
            "gdprTrackingIncompliant": false,
            "nicotineMedicalProduct": false,
            "tobaccoFreeNicotineProduct": false,
            "nonEkoProduct": false,
            "precautionaryStatements": [],
            "hazards": [],
            "tobaccoProduct": false,
            "showGoodPriceIcon": true,
            "labels": [],
            "seoDescription": "",
            "seoTitle": "",
            "manufacturer": "Eldorado",
            "incrementValue": 1.0,
            "productBasketType": {
                "code": "ST",
                "type": "ProductBasketTypeEnum"
            },
            "bargainProduct": false,
            "addToCartMessage": "",
            "thumbnail": {
                "imageType": "PRIMARY",
                "format": "thumbnail",
                "url": "https://assets.axfood.se/image/upload/f_auto,t_100/07340083486456_C1N1_s02",
                "altText": null,
                "galleryIndex": null,
                "width": null
            },
            "outOfStock": false,
            "online": true,
            "displayVolume": "250g",
            "addToCartDisabled": false,
            "name": "Jordgubb Drickyoghurt Laktosfri 0,8%",
            "code": "101331048_ST"
        },
        {
            "potentialPromotions": [
                {
                    "threshold": null,
                    "applied": false,
                    "campaignType": "GENERAL",
                    "offerStatus": null,
                    "productCodes": [
                        "100015029_ST",
                        "100082991_ST",
                        "100508210_ST",
                        "101090855_ST",
                        "101223082_ST",
                        "101401937_ST",
                        "101401938_ST"
                    ],
                    "promotionTheme": {
                        "code": "Z019",
                        "visible": null
                    },
                    "textLabelGenerated": "Alltid bra pris!",
                    "textLabelManual": null,
                    "lowestHistoricalPrice": null,
                    "price": {
                        "currencyIso": "SEK",
                        "value": 7.5,
                        "priceType": "BUY",
                        "formattedValue": "7,50 kr",
                        "minQuantity": null,
                        "maxQuantity": null
                    },
                    "promotionType": "MixMatchPricePromotion",
                    "conditionLabel": "4 för",
                    "rewardLabel": "30 kr",
                    "textLabel": "Alltid bra pris!",
                    "redeemLimitLabel": "",
                    "cartLabel": null,
                    "validUntil": null,
                    "timesUsed": null,
                    "qualifyingCount": 4,
                    "comparePrice": "7,50 kr",
                    "splashTitleText": "Alltid bra pris",
                    "realMixAndMatch": true,
                    "mainProductCode": "100015029_ST",
                    "conditionLabelFormatted": "",
                    "promotionRedeemLimit": null,
                    "promotionPercentage": null,
                    "cartLabelFormatted": "",
                    "priority": 208,
                    "code": "10009465127"
                }
            ],
            "inactivePotentialPromotions": [],
            "priceValue": 8.95,
            "price": "8,95 kr",
            "image": {
                "imageType": "PRIMARY",
                "format": "product",
                "url": "https://assets.axfood.se/image/upload/f_auto,t_200/07310090155539_C1L1_s02",
                "altText": null,
                "galleryIndex": null,
                "width": null
            },
            "ranking": 20.9110906377106,
            "depositPrice": "",
            "averageWeight": null,
            "comparePrice": "8,95 kr",
            "comparePriceUnit": "l",
            "isDrugProduct": false,
            "solrSearchScore": 0.7614262700080872,
            "energyDeclaration": null,
            "newsSplashProduct": false,
            "notAllowedB2b": false,
            "notAllowedAnonymous": false,
            "productLine2": "BOB, 2dl/1l",
            "pickupProductLine2": "BOB, 2dl/1l",
            "priceUnit": "kr/st",
            "priceNoUnit": "8,95",
            "savingsAmount": 5.8,
            "googleAnalyticsCategory": "dryck|juice-och-fruktdryck|-ej-kyld-fruktdryck",
            "gdprTrackingIncompliant": false,
            "nicotineMedicalProduct": false,
            "tobaccoFreeNicotineProduct": false,
            "nonEkoProduct": false,
            "precautionaryStatements": [],
            "hazards": [],
            "tobaccoProduct": false,
            "showGoodPriceIcon": true,
            "labels": [],
            "seoDescription": "",
            "seoTitle": "",
            "manufacturer": "Bob",
            "incrementValue": 1.0,
            "productBasketType": {
                "code": "ST",
                "type": "ProductBasketTypeEnum"
            },
            "bargainProduct": false,
            "addToCartMessage": "",
            "thumbnail": {
                "imageType": "PRIMARY",
                "format": "thumbnail",
                "url": "https://assets.axfood.se/image/upload/f_auto,t_100/07310090155539_C1L1_s02",
                "altText": null,
                "galleryIndex": null,
                "width": null
            },
            "outOfStock": false,
            "online": true,
            "displayVolume": "2dl/1l",
            "addToCartDisabled": false,
            "name": "Björnbär Hallon Lättdryck",
            "code": "100015029_ST"
        },
        {
            "potentialPromotions": [
                {
                    "threshold": null,
                    "applied": false,
                    "campaignType": "GENERAL",
                    "offerStatus": null,
                    "productCodes": [
                        "101546231_ST",
                        "101546232_ST"
                    ],
                    "promotionTheme": {
                        "code": "Z019",
                        "visible": null
                    },
                    "textLabelGenerated": "Alltid bra pris!",
                    "textLabelManual": null,
                    "lowestHistoricalPrice": null,
                    "price": {
                        "currencyIso": "SEK",
                        "value": 19.5,
                        "priceType": "BUY",
                        "formattedValue": "19,50 kr",
                        "minQuantity": null,
                        "maxQuantity": null
                    },
                    "promotionType": "MixMatchPricePromotion",
                    "conditionLabel": "2 för",
                    "rewardLabel": "39 kr",
                    "textLabel": "Alltid bra pris!",
                    "redeemLimitLabel": "",
                    "cartLabel": null,
                    "validUntil": null,
                    "timesUsed": null,
                    "qualifyingCount": 2,
                    "comparePrice": "39,00 kr",
                    "splashTitleText": "Alltid bra pris",
                    "realMixAndMatch": true,
                    "mainProductCode": "101546231_ST",
                    "conditionLabelFormatted": "",
                    "promotionRedeemLimit": null,
                    "promotionPercentage": null,
                    "cartLabelFormatted": "",
                    "priority": 208,
                    "code": "10009465126"
                }
            ],
            "inactivePotentialPromotions": [],
            "priceValue": 22.95,
            "price": "22,95 kr",
            "image": {
                "imageType": "PRIMARY",
                "format": "product",
                "url": "https://assets.axfood.se/image/upload/f_auto,t_200/05391515140448_C1L1_s01",
                "altText": null,
                "galleryIndex": null,
                "width": null
            },
            "ranking": 20.9110906344338,
            "depositPrice": "",
            "averageWeight": null,
            "comparePrice": "45,90 kr",
            "comparePriceUnit": "kg",
            "isDrugProduct": false,
            "solrSearchScore": 0.7614262700080872,
            "energyDeclaration": null,
            "newsSplashProduct": false,
            "notAllowedB2b": false,
            "notAllowedAnonymous": false,
            "productLine2": "YOPLAIT, 4x125g",
            "pickupProductLine2": "YOPLAIT, 4x125g",
            "priceUnit": "kr/st",
            "priceNoUnit": "22,95",
            "savingsAmount": 6.9,
            "googleAnalyticsCategory": "mejeri-ost-och-agg|yoghurt-och-filmjolk|multipack-yoghurt",
            "gdprTrackingIncompliant": false,
            "nicotineMedicalProduct": false,
            "tobaccoFreeNicotineProduct": false,
            "nonEkoProduct": false,
            "precautionaryStatements": [],
            "hazards": [],
            "tobaccoProduct": false,
            "showGoodPriceIcon": true,
            "labels": [],
            "seoDescription": "",
            "seoTitle": "",
            "manufacturer": "Yoplait",
            "incrementValue": 1.0,
            "productBasketType": {
                "code": "ST",
                "type": "ProductBasketTypeEnum"
            },
            "bargainProduct": false,
            "addToCartMessage": "",
            "thumbnail": {
                "imageType": "PRIMARY",
                "format": "thumbnail",
                "url": "https://assets.axfood.se/image/upload/f_auto,t_100/05391515140448_C1L1_s01",
                "altText": null,
                "galleryIndex": null,
                "width": null
            },
            "outOfStock": false,
            "online": true,
            "displayVolume": "4x125g",
            "addToCartDisabled": false,
            "name": "Jordgubb Yoghurt",
            "code": "101546231_ST"
        },
        {
            "potentialPromotions": [
                {
                    "threshold": null,
                    "applied": false,
                    "campaignType": "GENERAL",
                    "offerStatus": null,
                    "productCodes": [
                        "101315646_ST",
                        "101324966_ST",
                        "101550300_ST"
                    ],
                    "promotionTheme": {
                        "code": "Z019",
                        "visible": null
                    },
                    "textLabelGenerated": "Alltid bra pris!",
                    "textLabelManual": null,
                    "lowestHistoricalPrice": null,
                    "price": {
                        "currencyIso": "SEK",
                        "value": 44.5,
                        "priceType": "BUY",
                        "formattedValue": "44,50 kr",
                        "minQuantity": null,
                        "maxQuantity": null
                    },
                    "promotionType": "MixMatchPricePromotion",
                    "conditionLabel": "2 för",
                    "rewardLabel": "89 kr",
                    "textLabel": "Alltid bra pris!",
                    "redeemLimitLabel": "",
                    "cartLabel": null,
                    "validUntil": null,
                    "timesUsed": null,
                    "qualifyingCount": 2,
                    "comparePrice": "494,44 kr",
                    "splashTitleText": "Alltid bra pris",
                    "realMixAndMatch": true,
                    "mainProductCode": "101315646_ST",
                    "conditionLabelFormatted": "",
                    "promotionRedeemLimit": null,
                    "promotionPercentage": null,
                    "cartLabelFormatted": "",
                    "priority": 208,
                    "code": "10009465125"
                }
            ],
            "inactivePotentialPromotions": [],
            "priceValue": 51.95,
            "price": "51,95 kr",
            "image": {
                "imageType": "PRIMARY",
                "format": "product",
                "url": "https://assets.axfood.se/image/upload/f_auto,t_200/08032841846426_C1L1_s01",
                "altText": null,
                "galleryIndex": null,
                "width": null
            },
            "ranking": 20.911090631157,
            "depositPrice": "",
            "averageWeight": null,
            "comparePrice": "577,22 kr",
            "comparePriceUnit": "kg",
            "isDrugProduct": false,
            "solrSearchScore": 0.7614262700080872,
            "energyDeclaration": null,
            "newsSplashProduct": false,
            "notAllowedB2b": false,
            "notAllowedAnonymous": false,
            "productLine2": "TERRE DUCALI, 90g",
            "pickupProductLine2": "TERRE DUCALI, 90g",
            "priceUnit": "kr/st",
            "priceNoUnit": "51,95",
            "savingsAmount": 14.9,
            "googleAnalyticsCategory": "kott-fagel-och-chark|medelhavschark",
            "gdprTrackingIncompliant": false,
            "nicotineMedicalProduct": false,
            "tobaccoFreeNicotineProduct": false,
            "nonEkoProduct": false,
            "precautionaryStatements": [],
            "hazards": [],
            "tobaccoProduct": false,
            "showGoodPriceIcon": true,
            "labels": [],
            "seoDescription": "",
            "seoTitle": "",
            "manufacturer": "Terre Ducali",
            "incrementValue": 1.0,
            "productBasketType": {
                "code": "ST",
                "type": "ProductBasketTypeEnum"
            },
            "bargainProduct": false,
            "addToCartMessage": "",
            "thumbnail": {
                "imageType": "PRIMARY",
                "format": "thumbnail",
                "url": "https://assets.axfood.se/image/upload/f_auto,t_100/08032841846426_C1L1_s01",
                "altText": null,
                "galleryIndex": null,
                "width": null
            },
            "outOfStock": false,
            "online": true,
            "displayVolume": "90g",
            "addToCartDisabled": false,
            "name": "Tryffelsalami",
            "code": "101315646_ST"
        },
        {
            "potentialPromotions": [
                {
                    "threshold": null,
                    "applied": false,
                    "campaignType": "GENERAL",
                    "offerStatus": null,
                    "productCodes": [
                        "101293703_ST",
                        "101293704_ST",
                        "101293709_ST",
                        "101511497_ST",
                        "101807036_ST"
                    ],
                    "promotionTheme": {
                        "code": "Z019",
                        "visible": null
                    },
                    "textLabelGenerated": "Alltid bra pris!",
                    "textLabelManual": null,
                    "lowestHistoricalPrice": null,
                    "price": {
                        "currencyIso": "SEK",
                        "value": 44.5,
                        "priceType": "BUY",
                        "formattedValue": "44,50 kr",
                        "minQuantity": null,
                        "maxQuantity": null
                    },
                    "promotionType": "MixMatchPricePromotion",
                    "conditionLabel": "2 för",
                    "rewardLabel": "89 kr",
                    "textLabel": "Alltid bra pris!",
                    "redeemLimitLabel": "",
                    "cartLabel": null,
                    "validUntil": null,
                    "timesUsed": null,
                    "qualifyingCount": 2,
                    "comparePrice": "161,82 kr",
                    "splashTitleText": "Alltid bra pris",
                    "realMixAndMatch": true,
                    "mainProductCode": "101293702_ST",
                    "conditionLabelFormatted": "",
                    "promotionRedeemLimit": null,
                    "promotionPercentage": null,
                    "cartLabelFormatted": "",
                    "priority": 208,
                    "code": "10009465124"
                }
            ],
            "inactivePotentialPromotions": [],
            "priceValue": 51.95,
            "price": "51,95 kr",
            "image": {
                "imageType": "PRIMARY",
                "format": "product",
                "url": "https://assets.axfood.se/image/upload/f_auto,t_200/07350090451071_C1N1_s04",
                "altText": null,
                "galleryIndex": null,
                "width": null
            },
            "ranking": 20.9110906278802,
            "depositPrice": "",
            "averageWeight": null,
            "comparePrice": "188,91 kr",
            "comparePriceUnit": "kg",
            "isDrugProduct": false,
            "solrSearchScore": 0.7614262700080872,
            "energyDeclaration": null,
            "newsSplashProduct": false,
            "notAllowedB2b": false,
            "notAllowedAnonymous": false,
            "productLine2": "SCHYSST KÄK, 275g",
            "pickupProductLine2": "SCHYSST KÄK, 275g",
            "priceUnit": "kr/st",
            "priceNoUnit": "51,95",
            "savingsAmount": 14.9,
            "googleAnalyticsCategory": "kott-fagel-och-chark|kott|pannfardigt",
            "gdprTrackingIncompliant": false,
            "nicotineMedicalProduct": false,
            "tobaccoFreeNicotineProduct": false,
            "nonEkoProduct": false,
            "precautionaryStatements": [],
            "hazards": [],
            "tobaccoProduct": false,
            "showGoodPriceIcon": true,
            "labels": [
                "swedish_flag",
                "meat_from_sweden"
            ],
            "seoDescription": "",
            "seoTitle": "",
            "manufacturer": "Schysst Käk",
            "incrementValue": 1.0,
            "productBasketType": {
                "code": "ST",
                "type": "ProductBasketTypeEnum"
            },
            "bargainProduct": false,
            "addToCartMessage": "",
            "thumbnail": {
                "imageType": "PRIMARY",
                "format": "thumbnail",
                "url": "https://assets.axfood.se/image/upload/f_auto,t_100/07350090451071_C1N1_s04",
                "altText": null,
                "galleryIndex": null,
                "width": null
            },
            "outOfStock": false,
            "online": true,
            "displayVolume": "275g",
            "addToCartDisabled": false,
            "name": "Gyros Kebab Sverige",
            "code": "101293703_ST"
        },
        {
            "potentialPromotions": [
                {
                    "threshold": null,
                    "applied": false,
                    "campaignType": "GENERAL",
                    "offerStatus": null,
                    "productCodes": [
                        "101347751_ST",
                        "101347752_ST",
                        "101347753_ST",
                        "101418788_ST",
                        "101595447_ST"
                    ],
                    "promotionTheme": {
                        "code": "Z019",
                        "visible": null
                    },
                    "textLabelGenerated": "Alltid bra pris!",
                    "textLabelManual": null,
                    "lowestHistoricalPrice": null,
                    "price": {
                        "currencyIso": "SEK",
                        "value": 24.5,
                        "priceType": "BUY",
                        "formattedValue": "24,50 kr",
                        "minQuantity": null,
                        "maxQuantity": null
                    },
                    "promotionType": "MixMatchPricePromotion",
                    "conditionLabel": "2 för",
                    "rewardLabel": "49 kr",
                    "textLabel": "Alltid bra pris!",
                    "redeemLimitLabel": "",
                    "cartLabel": null,
                    "validUntil": null,
                    "timesUsed": null,
                    "qualifyingCount": 2,
                    "comparePrice": "98,00 kr",
                    "splashTitleText": "Alltid bra pris",
                    "realMixAndMatch": true,
                    "mainProductCode": "101347750_ST",
                    "conditionLabelFormatted": "",
                    "promotionRedeemLimit": null,
                    "promotionPercentage": null,
                    "cartLabelFormatted": "",
                    "priority": 208,
                    "code": "10009465123"
                }
            ],
            "inactivePotentialPromotions": [],
            "priceValue": 28.95,
            "price": "28,95 kr",
            "image": {
                "imageType": "PRIMARY",
                "format": "product",
                "url": "https://assets.axfood.se/image/upload/f_auto,t_200/07350090451439_C1N1_s03",
                "altText": null,
                "galleryIndex": null,
                "width": null
            },
            "ranking": 20.9110906246034,
            "depositPrice": "",
            "averageWeight": null,
            "comparePrice": "115,80 kr",
            "comparePriceUnit": "l",
            "isDrugProduct": false,
            "solrSearchScore": 0.7614262700080872,
            "energyDeclaration": null,
            "newsSplashProduct": false,
            "notAllowedB2b": false,
            "notAllowedAnonymous": false,
            "productLine2": "SCHYSST KÄK, 250ml",
            "pickupProductLine2": "SCHYSST KÄK, 250ml",
            "priceUnit": "kr/st",
            "priceNoUnit": "28,95",
            "savingsAmount": 8.9,
            "googleAnalyticsCategory": "fardigmat|sas-och-smaksattare|sas",
            "gdprTrackingIncompliant": false,
            "nicotineMedicalProduct": false,
            "tobaccoFreeNicotineProduct": false,
            "nonEkoProduct": false,
            "precautionaryStatements": [],
            "hazards": [],
            "tobaccoProduct": false,
            "showGoodPriceIcon": true,
            "labels": [],
            "seoDescription": "",
            "seoTitle": "",
            "manufacturer": "Schysst Käk",
            "incrementValue": 1.0,
            "productBasketType": {
                "code": "ST",
                "type": "ProductBasketTypeEnum"
            },
            "bargainProduct": false,
            "addToCartMessage": "",
            "thumbnail": {
                "imageType": "PRIMARY",
                "format": "thumbnail",
                "url": "https://assets.axfood.se/image/upload/f_auto,t_100/07350090451439_C1N1_s03",
                "altText": null,
                "galleryIndex": null,
                "width": null
            },
            "outOfStock": false,
            "online": true,
            "displayVolume": "250ml",
            "addToCartDisabled": false,
            "name": "Kebabsås Vitlök",
            "code": "101347751_ST"
        },
        {
            "potentialPromotions": [
                {
                    "threshold": null,
                    "applied": false,
                    "campaignType": "GENERAL",
                    "offerStatus": null,
                    "productCodes": [
                        "101328704_ST",
                        "101435480_ST"
                    ],
                    "promotionTheme": {
                        "code": "Z019",
                        "visible": null
                    },
                    "textLabelGenerated": "Alltid bra pris!",
                    "textLabelManual": null,
                    "lowestHistoricalPrice": null,
                    "price": {
                        "currencyIso": "SEK",
                        "value": 16.333333333333332,
                        "priceType": "BUY",
                        "formattedValue": "16,33 kr",
                        "minQuantity": null,
                        "maxQuantity": null
                    },
                    "promotionType": "MixMatchPricePromotion",
                    "conditionLabel": "3 för",
                    "rewardLabel": "49 kr",
                    "textLabel": "Alltid bra pris!",
                    "redeemLimitLabel": "",
                    "cartLabel": null,
                    "validUntil": null,
                    "timesUsed": null,
                    "qualifyingCount": 3,
                    "comparePrice": "272,22 kr",
                    "splashTitleText": "Alltid bra pris",
                    "realMixAndMatch": true,
                    "mainProductCode": "101328704_ST",
                    "conditionLabelFormatted": "",
                    "promotionRedeemLimit": null,
                    "promotionPercentage": null,
                    "cartLabelFormatted": "",
                    "priority": 208,
                    "code": "10009465122"
                }
            ],
            "inactivePotentialPromotions": [],
            "priceValue": 18.95,
            "price": "18,95 kr",
            "image": {
                "imageType": "PRIMARY",
                "format": "product",
                "url": "https://assets.axfood.se/image/upload/f_auto,t_200/07350089940425_C1N1_s01",
                "altText": null,
                "galleryIndex": null,
                "width": null
            },
            "ranking": 20.9110906213266,
            "depositPrice": "",
            "averageWeight": null,
            "comparePrice": "315,83 kr",
            "comparePriceUnit": "l",
            "isDrugProduct": false,
            "solrSearchScore": 0.7614262700080872,
            "energyDeclaration": null,
            "newsSplashProduct": false,
            "notAllowedB2b": false,
            "notAllowedAnonymous": false,
            "productLine2": "RESCUED, 6cl",
            "pickupProductLine2": "RESCUED, 6cl",
            "priceUnit": "kr/st",
            "priceNoUnit": "18,95",
            "savingsAmount": 7.850000000000004,
            "googleAnalyticsCategory": "dryck|juice-och-fruktdryck|ej-kyld-juice",
            "gdprTrackingIncompliant": false,
            "nicotineMedicalProduct": false,
            "tobaccoFreeNicotineProduct": false,
            "nonEkoProduct": false,
            "precautionaryStatements": [],
            "hazards": [],
            "tobaccoProduct": false,
            "showGoodPriceIcon": true,
            "labels": [],
            "seoDescription": "",
            "seoTitle": "",
            "manufacturer": "Rescued",
            "incrementValue": 1.0,
            "productBasketType": {
                "code": "ST",
                "type": "ProductBasketTypeEnum"
            },
            "bargainProduct": false,
            "addToCartMessage": "",
            "thumbnail": {
                "imageType": "PRIMARY",
                "format": "thumbnail",
                "url": "https://assets.axfood.se/image/upload/f_auto,t_100/07350089940425_C1N1_s01",
                "altText": null,
                "galleryIndex": null,
                "width": null
            },
            "outOfStock": false,
            "online": true,
            "displayVolume": "6cl",
            "addToCartDisabled": false,
            "name": "Ingefära Citron Shot",
            "code": "101328704_ST"
        },
        {
            "potentialPromotions": [
                {
                    "threshold": null,
                    "applied": false,
                    "campaignType": "GENERAL",
                    "offerStatus": null,
                    "productCodes": [
                        "101334258_ST",
                        "101334259_ST",
                        "101334261_ST",
                        "101355948_ST",
                        "101355962_ST",
                        "101498480_ST",
                        "101684327_ST"
                    ],
                    "promotionTheme": {
                        "code": "Z019",
                        "visible": null
                    },
                    "textLabelGenerated": "Alltid bra pris!",
                    "textLabelManual": null,
                    "lowestHistoricalPrice": null,
                    "price": {
                        "currencyIso": "SEK",
                        "value": 44.5,
                        "priceType": "BUY",
                        "formattedValue": "44,50 kr",
                        "minQuantity": null,
                        "maxQuantity": null
                    },
                    "promotionType": "MixMatchPricePromotion",
                    "conditionLabel": "2 för",
                    "rewardLabel": "89 kr",
                    "textLabel": "Alltid bra pris!",
                    "redeemLimitLabel": "",
                    "cartLabel": null,
                    "validUntil": null,
                    "timesUsed": null,
                    "qualifyingCount": 2,
                    "comparePrice": "111,25 kr",
                    "splashTitleText": "Alltid bra pris",
                    "realMixAndMatch": true,
                    "mainProductCode": "101334258_ST",
                    "conditionLabelFormatted": "",
                    "promotionRedeemLimit": null,
                    "promotionPercentage": null,
                    "cartLabelFormatted": "",
                    "priority": 208,
                    "code": "10009465121"
                }
            ],
            "inactivePotentialPromotions": [],
            "priceValue": 47.95,
            "price": "47,95 kr",
            "image": {
                "imageType": "PRIMARY",
                "format": "product",
                "url": "https://assets.axfood.se/image/upload/f_auto,t_200/07340083487484_C1L1_s03",
                "altText": null,
                "galleryIndex": null,
                "width": null
            },
            "ranking": 20.9110906180498,
            "depositPrice": "",
            "averageWeight": null,
            "comparePrice": "119,88 kr",
            "comparePriceUnit": "kg",
            "isDrugProduct": false,
            "solrSearchScore": 0.7614262700080872,
            "energyDeclaration": null,
            "newsSplashProduct": false,
            "notAllowedB2b": false,
            "notAllowedAnonymous": false,
            "productLine2": "REDO, 400g",
            "pickupProductLine2": "REDO, 400g",
            "priceUnit": "kr/st",
            "priceNoUnit": "47,95",
            "savingsAmount": 6.9,
            "googleAnalyticsCategory": "fardigmat|portionsratter|fardiga-ratter",
            "gdprTrackingIncompliant": false,
            "nicotineMedicalProduct": false,
            "tobaccoFreeNicotineProduct": false,
            "nonEkoProduct": false,
            "precautionaryStatements": [],
            "hazards": [],
            "tobaccoProduct": false,
            "showGoodPriceIcon": true,
            "labels": [],
            "seoDescription": "",
            "seoTitle": "",
            "manufacturer": "Redo",
            "incrementValue": 1.0,
            "productBasketType": {
                "code": "ST",
                "type": "ProductBasketTypeEnum"
            },
            "bargainProduct": false,
            "addToCartMessage": "",
            "thumbnail": {
                "imageType": "PRIMARY",
                "format": "thumbnail",
                "url": "https://assets.axfood.se/image/upload/f_auto,t_100/07340083487484_C1L1_s03",
                "altText": null,
                "galleryIndex": null,
                "width": null
            },
            "outOfStock": false,
            "online": true,
            "displayVolume": "400g",
            "addToCartDisabled": false,
            "name": "Korvstroganoff med Ris",
            "code": "101334258_ST"
        },
        {
            "potentialPromotions": [
                {
                    "threshold": null,
                    "applied": false,
                    "campaignType": "GENERAL",
                    "offerStatus": null,
                    "productCodes": [
                        "101276691_ST",
                        "101341879_ST",
                        "101341881_ST",
                        "101743733_ST",
                        "101743734_ST"
                    ],
                    "promotionTheme": {
                        "code": "Z019",
                        "visible": null
                    },
                    "textLabelGenerated": "Alltid bra pris!",
                    "textLabelManual": null,
                    "lowestHistoricalPrice": null,
                    "price": {
                        "currencyIso": "SEK",
                        "value": 34.5,
                        "priceType": "BUY",
                        "formattedValue": "34,50 kr",
                        "minQuantity": null,
                        "maxQuantity": null
                    },
                    "promotionType": "MixMatchPricePromotion",
                    "conditionLabel": "2 för",
                    "rewardLabel": "69 kr",
                    "textLabel": "Alltid bra pris!",
                    "redeemLimitLabel": "",
                    "cartLabel": null,
                    "validUntil": null,
                    "timesUsed": null,
                    "qualifyingCount": 2,
                    "comparePrice": "76,67 kr",
                    "splashTitleText": "Alltid bra pris",
                    "realMixAndMatch": true,
                    "mainProductCode": "101276691_ST",
                    "conditionLabelFormatted": "",
                    "promotionRedeemLimit": null,
                    "promotionPercentage": null,
                    "cartLabelFormatted": "",
                    "priority": 208,
                    "code": "10009465118"
                }
            ],
            "inactivePotentialPromotions": [],
            "priceValue": 36.95,
            "price": "36,95 kr",
            "image": {
                "imageType": "PRIMARY",
                "format": "product",
                "url": "https://assets.axfood.se/image/upload/f_auto,t_200/07340083464898_C1N1_s02",
                "altText": null,
                "galleryIndex": null,
                "width": null
            },
            "ranking": 20.9110906082194,
            "depositPrice": "",
            "averageWeight": null,
            "comparePrice": "82,11 kr",
            "comparePriceUnit": "kg",
            "isDrugProduct": false,
            "solrSearchScore": 0.7614262700080872,
            "energyDeclaration": null,
            "newsSplashProduct": false,
            "notAllowedB2b": false,
            "notAllowedAnonymous": false,
            "productLine2": "GARANT, 450g",
            "pickupProductLine2": "GARANT, 450g",
            "priceUnit": "kr/st",
            "priceNoUnit": "36,95",
            "savingsAmount": 4.9,
            "googleAnalyticsCategory": "fardigmat|portionsratter|fardiga-soppor-och-grytor",
            "gdprTrackingIncompliant": false,
            "nicotineMedicalProduct": false,
            "tobaccoFreeNicotineProduct": false,
            "nonEkoProduct": false,
            "precautionaryStatements": [],
            "hazards": [],
            "tobaccoProduct": false,
            "showGoodPriceIcon": true,
            "labels": [],
            "seoDescription": "",
            "seoTitle": "",
            "manufacturer": "Garant",
            "incrementValue": 1.0,
            "productBasketType": {
                "code": "ST",
                "type": "ProductBasketTypeEnum"
            },
            "bargainProduct": false,
            "addToCartMessage": "",
            "thumbnail": {
                "imageType": "PRIMARY",
                "format": "thumbnail",
                "url": "https://assets.axfood.se/image/upload/f_auto,t_100/07340083464898_C1N1_s02",
                "altText": null,
                "galleryIndex": null,
                "width": null
            },
            "outOfStock": false,
            "online": true,
            "displayVolume": "450g",
            "addToCartDisabled": false,
            "name": "Tomatsoppa",
            "code": "101276691_ST"
        },
        {
            "potentialPromotions": [
                {
                    "threshold": null,
                    "applied": false,
                    "campaignType": "GENERAL",
                    "offerStatus": null,
                    "productCodes": [
                        "101206348_ST"
                    ],
                    "promotionTheme": {
                        "code": "Z019",
                        "visible": null
                    },
                    "textLabelGenerated": "Alltid bra pris!",
                    "textLabelManual": null,
                    "lowestHistoricalPrice": null,
                    "price": {
                        "currencyIso": "SEK",
                        "value": 34.5,
                        "priceType": "BUY",
                        "formattedValue": "34,50 kr",
                        "minQuantity": null,
                        "maxQuantity": null
                    },
                    "promotionType": "MixMatchPricePromotion",
                    "conditionLabel": "2 för",
                    "rewardLabel": "69 kr",
                    "textLabel": "Alltid bra pris!",
                    "redeemLimitLabel": "",
                    "cartLabel": null,
                    "validUntil": null,
                    "timesUsed": null,
                    "qualifyingCount": 2,
                    "comparePrice": "431,25 kr",
                    "splashTitleText": "Alltid bra pris",
                    "realMixAndMatch": false,
                    "mainProductCode": "101206348_ST",
                    "conditionLabelFormatted": "",
                    "promotionRedeemLimit": null,
                    "promotionPercentage": null,
                    "cartLabelFormatted": "",
                    "priority": 208,
                    "code": "10009465117"
                }
            ],
            "inactivePotentialPromotions": [],
            "priceValue": 39.95,
            "price": "39,95 kr",
            "image": {
                "imageType": "PRIMARY",
                "format": "product",
                "url": "https://assets.axfood.se/image/upload/f_auto,t_200/07340083427923_C1N1_s01",
                "altText": null,
                "galleryIndex": null,
                "width": null
            },
            "ranking": 20.9110906049426,
            "depositPrice": "",
            "averageWeight": null,
            "comparePrice": "499,38 kr",
            "comparePriceUnit": "kg",
            "isDrugProduct": false,
            "solrSearchScore": 0.7614262700080872,
            "energyDeclaration": null,
            "newsSplashProduct": false,
            "notAllowedB2b": false,
            "notAllowedAnonymous": false,
            "productLine2": "GARANT, 80g",
            "pickupProductLine2": "GARANT, 80g",
            "priceUnit": "kr/st",
            "priceNoUnit": "39,95",
            "savingsAmount": 10.9,
            "googleAnalyticsCategory": "kott-fagel-och-chark|medelhavschark",
            "gdprTrackingIncompliant": false,
            "nicotineMedicalProduct": false,
            "tobaccoFreeNicotineProduct": false,
            "nonEkoProduct": false,
            "precautionaryStatements": [],
            "hazards": [],
            "tobaccoProduct": false,
            "showGoodPriceIcon": true,
            "labels": [],
            "seoDescription": "",
            "seoTitle": "",
            "manufacturer": "Garant",
            "incrementValue": 1.0,
            "productBasketType": {
                "code": "ST",
                "type": "ProductBasketTypeEnum"
            },
            "bargainProduct": false,
            "addToCartMessage": "",
            "thumbnail": {
                "imageType": "PRIMARY",
                "format": "thumbnail",
                "url": "https://assets.axfood.se/image/upload/f_auto,t_100/07340083427923_C1N1_s01",
                "altText": null,
                "galleryIndex": null,
                "width": null
            },
            "outOfStock": false,
            "online": true,
            "displayVolume": "80g",
            "addToCartDisabled": false,
            "name": "Prosciutto Crudo Skivad",
            "code": "101206348_ST"
        },
        {
            "potentialPromotions": [
                {
                    "threshold": null,
                    "applied": false,
                    "campaignType": "GENERAL",
                    "offerStatus": null,
                    "productCodes": [
                        "101328354_ST",
                        "101338214_ST",
                        "101431390_ST",
                        "101431391_ST",
                        "101662418_ST",
                        "101662419_ST",
                        "101338213_ST",
                        "101338216_ST"
                    ],
                    "promotionTheme": {
                        "code": "Z019",
                        "visible": null
                    },
                    "textLabelGenerated": "Alltid bra pris!",
                    "textLabelManual": null,
                    "lowestHistoricalPrice": null,
                    "price": {
                        "currencyIso": "SEK",
                        "value": 30.0,
                        "priceType": "BUY",
                        "formattedValue": "30,00 kr",
                        "minQuantity": null,
                        "maxQuantity": null
                    },
                    "promotionType": "MixMatchPricePromotion",
                    "conditionLabel": "2 för",
                    "rewardLabel": "60 kr",
                    "textLabel": "Alltid bra pris!",
                    "redeemLimitLabel": "",
                    "cartLabel": null,
                    "validUntil": null,
                    "timesUsed": null,
                    "qualifyingCount": 2,
                    "comparePrice": "30,00 kr",
                    "splashTitleText": "Alltid bra pris",
                    "realMixAndMatch": true,
                    "mainProductCode": "101328354_ST",
                    "conditionLabelFormatted": "",
                    "promotionRedeemLimit": null,
                    "promotionPercentage": null,
                    "cartLabelFormatted": "",
                    "priority": 208,
                    "code": "10009465116"
                }
            ],
            "inactivePotentialPromotions": [],
            "priceValue": 32.95,
            "price": "32,95 kr",
            "image": {
                "imageType": "PRIMARY",
                "format": "product",
                "url": "https://assets.axfood.se/image/upload/f_auto,t_200/07340083480263_C1N1_s01",
                "altText": null,
                "galleryIndex": null,
                "width": null
            },
            "ranking": 20.9110906016658,
            "depositPrice": "1,00 kr",
            "averageWeight": null,
            "comparePrice": "32,95 kr",
            "comparePriceUnit": "l",
            "isDrugProduct": false,
            "solrSearchScore": 0.7614262700080872,
            "energyDeclaration": null,
            "newsSplashProduct": false,
            "notAllowedB2b": false,
            "notAllowedAnonymous": false,
            "productLine2": "GARANT, 1l",
            "pickupProductLine2": "GARANT, 1l",
            "priceUnit": "kr/st",
            "priceNoUnit": "32,95",
            "savingsAmount": 5.9,
            "googleAnalyticsCategory": "dryck|juice-och-fruktdryck|kyld-juice",
            "gdprTrackingIncompliant": false,
            "nicotineMedicalProduct": false,
            "tobaccoFreeNicotineProduct": false,
            "nonEkoProduct": false,
            "precautionaryStatements": [],
            "hazards": [],
            "tobaccoProduct": false,
            "showGoodPriceIcon": true,
            "labels": [],
            "seoDescription": "",
            "seoTitle": "",
            "manufacturer": "Garant",
            "incrementValue": 1.0,
            "productBasketType": {
                "code": "ST",
                "type": "ProductBasketTypeEnum"
            },
            "bargainProduct": false,
            "addToCartMessage": "",
            "thumbnail": {
                "imageType": "PRIMARY",
                "format": "thumbnail",
                "url": "https://assets.axfood.se/image/upload/f_auto,t_100/07340083480263_C1N1_s01",
                "altText": null,
                "galleryIndex": null,
                "width": null
            },
            "outOfStock": false,
            "online": true,
            "displayVolume": "1l",
            "addToCartDisabled": false,
            "name": "Äpple Fläder Juice Utan Fruktkött",
            "code": "101328354_ST"
        },
        {
            "potentialPromotions": [
                {
                    "threshold": null,
                    "applied": false,
                    "campaignType": "GENERAL",
                    "offerStatus": null,
                    "productCodes": [
                        "101191889_ST",
                        "101202627_ST",
                        "101674877_ST"
                    ],
                    "promotionTheme": {
                        "code": "Z019",
                        "visible": null
                    },
                    "textLabelGenerated": "Alltid bra pris!",
                    "textLabelManual": null,
                    "lowestHistoricalPrice": null,
                    "price": {
                        "currencyIso": "SEK",
                        "value": 29.5,
                        "priceType": "BUY",
                        "formattedValue": "29,50 kr",
                        "minQuantity": null,
                        "maxQuantity": null
                    },
                    "promotionType": "MixMatchPricePromotion",
                    "conditionLabel": "2 för",
                    "rewardLabel": "59 kr",
                    "textLabel": "Alltid bra pris!",
                    "redeemLimitLabel": "",
                    "cartLabel": null,
                    "validUntil": null,
                    "timesUsed": null,
                    "qualifyingCount": 2,
                    "comparePrice": "147,50 kr",
                    "splashTitleText": "Alltid bra pris",
                    "realMixAndMatch": true,
                    "mainProductCode": "101191889_ST",
                    "conditionLabelFormatted": "",
                    "promotionRedeemLimit": null,
                    "promotionPercentage": null,
                    "cartLabelFormatted": "",
                    "priority": 208,
                    "code": "10009465115"
                }
            ],
            "inactivePotentialPromotions": [],
            "priceValue": 33.95,
            "price": "33,95 kr",
            "image": {
                "imageType": "PRIMARY",
                "format": "product",
                "url": "https://assets.axfood.se/image/upload/f_auto,t_200/07340083402241_C1N1_s01",
                "altText": null,
                "galleryIndex": null,
                "width": null
            },
            "ranking": 20.911090598389,
            "depositPrice": "",
            "averageWeight": null,
            "comparePrice": "169,75 kr",
            "comparePriceUnit": "kg",
            "isDrugProduct": false,
            "solrSearchScore": 0.7614262700080872,
            "energyDeclaration": null,
            "newsSplashProduct": false,
            "notAllowedB2b": false,
            "notAllowedAnonymous": false,
            "productLine2": "GARANT, 200g",
            "pickupProductLine2": "GARANT, 200g",
            "priceUnit": "kr/st",
            "priceNoUnit": "33,95",
            "savingsAmount": 8.9,
            "googleAnalyticsCategory": "mejeri-ost-och-agg|ost|matlagningsost",
            "gdprTrackingIncompliant": false,
            "nicotineMedicalProduct": false,
            "tobaccoFreeNicotineProduct": false,
            "nonEkoProduct": false,
            "precautionaryStatements": [],
            "hazards": [],
            "tobaccoProduct": false,
            "showGoodPriceIcon": true,
            "labels": [],
            "seoDescription": "",
            "seoTitle": "",
            "manufacturer": "Garant",
            "incrementValue": 1.0,
            "productBasketType": {
                "code": "ST",
                "type": "ProductBasketTypeEnum"
            },
            "bargainProduct": false,
            "addToCartMessage": "",
            "thumbnail": {
                "imageType": "PRIMARY",
                "format": "thumbnail",
                "url": "https://assets.axfood.se/image/upload/f_auto,t_100/07340083402241_C1N1_s01",
                "altText": null,
                "galleryIndex": null,
                "width": null
            },
            "outOfStock": false,
            "online": true,
            "displayVolume": "200g",
            "addToCartDisabled": false,
            "name": "Halloumi 26%",
            "code": "101191889_ST"
        },
        {
            "potentialPromotions": [
                {
                    "threshold": null,
                    "applied": false,
                    "campaignType": "GENERAL",
                    "offerStatus": null,
                    "productCodes": [
                        "101295930_ST"
                    ],
                    "promotionTheme": {
                        "code": "Z019",
                        "visible": null
                    },
                    "textLabelGenerated": "Alltid bra pris!",
                    "textLabelManual": null,
                    "lowestHistoricalPrice": null,
                    "price": {
                        "currencyIso": "SEK",
                        "value": 22.0,
                        "priceType": "BUY",
                        "formattedValue": "22,00 kr",
                        "minQuantity": null,
                        "maxQuantity": null
                    },
                    "promotionType": "MixMatchPricePromotion",
                    "conditionLabel": "2 för",
                    "rewardLabel": "44 kr",
                    "textLabel": "Alltid bra pris!",
                    "redeemLimitLabel": "",
                    "cartLabel": null,
                    "validUntil": null,
                    "timesUsed": null,
                    "qualifyingCount": 2,
                    "comparePrice": "122,22 kr",
                    "splashTitleText": "Alltid bra pris",
                    "realMixAndMatch": false,
                    "mainProductCode": "101295930_ST",
                    "conditionLabelFormatted": "",
                    "promotionRedeemLimit": null,
                    "promotionPercentage": null,
                    "cartLabelFormatted": "",
                    "priority": 208,
                    "code": "10009465114"
                }
            ],
            "inactivePotentialPromotions": [],
            "priceValue": 24.95,
            "price": "24,95 kr",
            "image": {
                "imageType": "PRIMARY",
                "format": "product",
                "url": "https://assets.axfood.se/image/upload/f_auto,t_200/07340083476648_C1L1_s01",
                "altText": null,
                "galleryIndex": null,
                "width": null
            },
            "ranking": 20.9110905951122,
            "depositPrice": "",
            "averageWeight": null,
            "comparePrice": "138,61 kr",
            "comparePriceUnit": "kg",
            "isDrugProduct": false,
            "solrSearchScore": 0.7614262700080872,
            "energyDeclaration": null,
            "newsSplashProduct": false,
            "notAllowedB2b": false,
            "notAllowedAnonymous": false,
            "productLine2": "GARANT, 180g",
            "pickupProductLine2": "GARANT, 180g",
            "priceUnit": "kr/st",
            "priceNoUnit": "24,95",
            "savingsAmount": 5.9,
            "googleAnalyticsCategory": "kott-fagel-och-chark|chark|ovrigt-rokt-och-rimmat",
            "gdprTrackingIncompliant": false,
            "nicotineMedicalProduct": false,
            "tobaccoFreeNicotineProduct": false,
            "nonEkoProduct": false,
            "precautionaryStatements": [],
            "hazards": [],
            "tobaccoProduct": false,
            "showGoodPriceIcon": true,
            "labels": [
                "swedish_flag",
                "meat_from_sweden",
                "keyhole"
            ],
            "seoDescription": "",
            "seoTitle": "",
            "manufacturer": "Garant",
            "incrementValue": 1.0,
            "productBasketType": {
                "code": "ST",
                "type": "ProductBasketTypeEnum"
            },
            "bargainProduct": false,
            "addToCartMessage": "",
            "thumbnail": {
                "imageType": "PRIMARY",
                "format": "thumbnail",
                "url": "https://assets.axfood.se/image/upload/f_auto,t_100/07340083476648_C1L1_s01",
                "altText": null,
                "galleryIndex": null,
                "width": null
            },
            "outOfStock": false,
            "online": true,
            "displayVolume": "180g",
            "addToCartDisabled": false,
            "name": "Rökt Skinka Strimlad",
            "code": "101295930_ST"
        },
        {
            "potentialPromotions": [
                {
                    "threshold": null,
                    "applied": false,
                    "campaignType": "GENERAL",
                    "offerStatus": null,
                    "productCodes": [
                        "101344156_ST",
                        "101344157_ST"
                    ],
                    "promotionTheme": {
                        "code": "Z019",
                        "visible": null
                    },
                    "textLabelGenerated": "Alltid bra pris!",
                    "textLabelManual": null,
                    "lowestHistoricalPrice": null,
                    "price": {
                        "currencyIso": "SEK",
                        "value": 20.0,
                        "priceType": "BUY",
                        "formattedValue": "20,00 kr",
                        "minQuantity": null,
                        "maxQuantity": null
                    },
                    "promotionType": "MixMatchPricePromotion",
                    "conditionLabel": "2 för",
                    "rewardLabel": "40 kr",
                    "textLabel": "Alltid bra pris!",
                    "redeemLimitLabel": "",
                    "cartLabel": null,
                    "validUntil": null,
                    "timesUsed": null,
                    "qualifyingCount": 2,
                    "comparePrice": "285,71 kr",
                    "splashTitleText": "Alltid bra pris",
                    "realMixAndMatch": true,
                    "mainProductCode": "101344156_ST",
                    "conditionLabelFormatted": "",
                    "promotionRedeemLimit": null,
                    "promotionPercentage": null,
                    "cartLabelFormatted": "",
                    "priority": 208,
                    "code": "10009465113"
                }
            ],
            "inactivePotentialPromotions": [],
            "priceValue": 22.5,
            "price": "22,50 kr",
            "image": {
                "imageType": "PRIMARY",
                "format": "product",
                "url": "https://assets.axfood.se/image/upload/f_auto,t_200/07340083490590_C1N1_s01",
                "altText": null,
                "galleryIndex": null,
                "width": null
            },
            "ranking": 20.9110905918354,
            "depositPrice": "",
            "averageWeight": null,
            "comparePrice": "321,43 kr",
            "comparePriceUnit": "kg",
            "isDrugProduct": false,
            "solrSearchScore": 0.7614262700080872,
            "energyDeclaration": null,
            "newsSplashProduct": false,
            "notAllowedB2b": false,
            "notAllowedAnonymous": false,
            "productLine2": "GARANT, 70g",
            "pickupProductLine2": "GARANT, 70g",
            "priceUnit": "kr/st",
            "priceNoUnit": "22,50",
            "savingsAmount": 5.0,
            "googleAnalyticsCategory": "fisk-och-skaldjur|kaviar-och-rom|fiskrom",
            "gdprTrackingIncompliant": false,
            "nicotineMedicalProduct": false,
            "tobaccoFreeNicotineProduct": false,
            "nonEkoProduct": true,
            "precautionaryStatements": [],
            "hazards": [],
            "tobaccoProduct": false,
            "showGoodPriceIcon": true,
            "labels": [],
            "seoDescription": "",
            "seoTitle": "",
            "manufacturer": "Garant",
            "incrementValue": 1.0,
            "productBasketType": {
                "code": "ST",
                "type": "ProductBasketTypeEnum"
            },
            "bargainProduct": false,
            "addToCartMessage": "",
            "thumbnail": {
                "imageType": "PRIMARY",
                "format": "thumbnail",
                "url": "https://assets.axfood.se/image/upload/f_auto,t_100/07340083490590_C1N1_s01",
                "altText": null,
                "galleryIndex": null,
                "width": null
            },
            "outOfStock": false,
            "online": true,
            "displayVolume": "70g",
            "addToCartDisabled": false,
            "name": "Tångcaviar Röd",
            "code": "101344156_ST"
        },
        {
            "potentialPromotions": [
                {
                    "threshold": null,
                    "applied": false,
                    "campaignType": "GENERAL",
                    "offerStatus": null,
                    "productCodes": [
                        "101591318_ST",
                        "101591319_ST"
                    ],
                    "promotionTheme": {
                        "code": "Z019",
                        "visible": null
                    },
                    "textLabelGenerated": "Alltid bra pris!",
                    "textLabelManual": null,
                    "lowestHistoricalPrice": null,
                    "price": {
                        "currencyIso": "SEK",
                        "value": 10.0,
                        "priceType": "BUY",
                        "formattedValue": "10,00 kr",
                        "minQuantity": null,
                        "maxQuantity": null
                    },
                    "promotionType": "MixMatchPricePromotion",
                    "conditionLabel": "2 för",
                    "rewardLabel": "20 kr",
                    "textLabel": "Alltid bra pris!",
                    "redeemLimitLabel": "",
                    "cartLabel": null,
                    "validUntil": null,
                    "timesUsed": null,
                    "qualifyingCount": 2,
                    "comparePrice": "28,57 kr",
                    "splashTitleText": "Alltid bra pris",
                    "realMixAndMatch": true,
                    "mainProductCode": "101353676_ST",
                    "conditionLabelFormatted": "",
                    "promotionRedeemLimit": null,
                    "promotionPercentage": null,
                    "cartLabelFormatted": "",
                    "priority": 208,
                    "code": "10009465112"
                }
            ],
            "inactivePotentialPromotions": [],
            "priceValue": 11.95,
            "price": "11,95 kr",
            "image": {
                "imageType": "PRIMARY",
                "format": "product",
                "url": "https://assets.axfood.se/image/upload/f_auto,t_200/07317530110585_S01",
                "altText": null,
                "galleryIndex": null,
                "width": null
            },
            "ranking": 20.9110905885586,
            "depositPrice": "",
            "averageWeight": null,
            "comparePrice": "34,14 kr",
            "comparePriceUnit": "kg",
            "isDrugProduct": false,
            "solrSearchScore": 0.7614262700080872,
            "energyDeclaration": null,
            "newsSplashProduct": false,
            "notAllowedB2b": false,
            "notAllowedAnonymous": false,
            "productLine2": "GARANT, 350g",
            "pickupProductLine2": "GARANT, 350g",
            "priceUnit": "kr/st",
            "priceNoUnit": "11,95",
            "savingsAmount": 3.9,
            "googleAnalyticsCategory": "brod-och-kakor|brod|baguetter-och-losbrod",
            "gdprTrackingIncompliant": false,
            "nicotineMedicalProduct": false,
            "tobaccoFreeNicotineProduct": false,
            "nonEkoProduct": false,
            "precautionaryStatements": [],
            "hazards": [],
            "tobaccoProduct": false,
            "showGoodPriceIcon": true,
            "labels": [],
            "seoDescription": "",
            "seoTitle": "",
            "manufacturer": "Garant",
            "incrementValue": 1.0,
            "productBasketType": {
                "code": "ST",
                "type": "ProductBasketTypeEnum"
            },
            "bargainProduct": false,
            "addToCartMessage": "",
            "thumbnail": {
                "imageType": "PRIMARY",
                "format": "thumbnail",
                "url": "https://assets.axfood.se/image/upload/f_auto,t_100/07317530110585_S01",
                "altText": null,
                "galleryIndex": null,
                "width": null
            },
            "outOfStock": false,
            "online": true,
            "displayVolume": "350g",
            "addToCartDisabled": false,
            "name": "Orientbröd Råg 4-pack",
            "code": "101591318_ST"
        },
        {
            "potentialPromotions": [
                {
                    "threshold": null,
                    "applied": false,
                    "campaignType": "GENERAL",
                    "offerStatus": null,
                    "productCodes": [
                        "101317693_ST"
                    ],
                    "promotionTheme": {
                        "code": "Z019",
                        "visible": null
                    },
                    "textLabelGenerated": "Alltid bra pris!",
                    "textLabelManual": null,
                    "lowestHistoricalPrice": null,
                    "price": {
                        "currencyIso": "SEK",
                        "value": 17.0,
                        "priceType": "BUY",
                        "formattedValue": "17,00 kr",
                        "minQuantity": null,
                        "maxQuantity": null
                    },
                    "promotionType": "MixMatchPricePromotion",
                    "conditionLabel": "2 för",
                    "rewardLabel": "34 kr",
                    "textLabel": "Alltid bra pris!",
                    "redeemLimitLabel": "",
                    "cartLabel": null,
                    "validUntil": null,
                    "timesUsed": null,
                    "qualifyingCount": 2,
                    "comparePrice": "17,00 kr",
                    "splashTitleText": "Alltid bra pris",
                    "realMixAndMatch": false,
                    "mainProductCode": "101317693_ST",
                    "conditionLabelFormatted": "",
                    "promotionRedeemLimit": null,
                    "promotionPercentage": null,
                    "cartLabelFormatted": "",
                    "priority": 208,
                    "code": "10009465111"
                }
            ],
            "inactivePotentialPromotions": [],
            "priceValue": 18.5,
            "price": "18,50 kr",
            "image": {
                "imageType": "PRIMARY",
                "format": "product",
                "url": "https://assets.axfood.se/image/upload/f_auto,t_200/07340083480126_C1L1_s03",
                "altText": null,
                "galleryIndex": null,
                "width": null
            },
            "ranking": 20.9110905852818,
            "depositPrice": "",
            "averageWeight": null,
            "comparePrice": "18,50 kr",
            "comparePriceUnit": "l",
            "isDrugProduct": false,
            "solrSearchScore": 0.7614262700080872,
            "energyDeclaration": null,
            "newsSplashProduct": false,
            "notAllowedB2b": false,
            "notAllowedAnonymous": false,
            "productLine2": "GARANT, 1l",
            "pickupProductLine2": "GARANT, 1l",
            "priceUnit": "kr/st",
            "priceNoUnit": "18,50",
            "savingsAmount": 3.0,
            "googleAnalyticsCategory": "mejeri-ost-och-agg|vaxtbaserat|vaxtbaserad-dryck",
            "gdprTrackingIncompliant": false,
            "nicotineMedicalProduct": false,
            "tobaccoFreeNicotineProduct": false,
            "nonEkoProduct": false,
            "precautionaryStatements": [],
            "hazards": [],
            "tobaccoProduct": false,
            "showGoodPriceIcon": true,
            "labels": [
                "swedish_flag",
                "from_sweden"
            ],
            "seoDescription": "",
            "seoTitle": "",
            "manufacturer": "Garant",
            "incrementValue": 1.0,
            "productBasketType": {
                "code": "ST",
                "type": "ProductBasketTypeEnum"
            },
            "bargainProduct": false,
            "addToCartMessage": "",
            "thumbnail": {
                "imageType": "PRIMARY",
                "format": "thumbnail",
                "url": "https://assets.axfood.se/image/upload/f_auto,t_100/07340083480126_C1L1_s03",
                "altText": null,
                "galleryIndex": null,
                "width": null
            },
            "outOfStock": false,
            "online": true,
            "displayVolume": "1l",
            "addToCartDisabled": false,
            "name": "Barista Havredryck 3%",
            "code": "101317693_ST"
        },
        {
            "potentialPromotions": [
                {
                    "threshold": null,
                    "applied": false,
                    "campaignType": "GENERAL",
                    "offerStatus": null,
                    "productCodes": [
                        "101305967_ST",
                        "101338211_ST",
                        "101338212_ST",
                        "101581245_ST"
                    ],
                    "promotionTheme": {
                        "code": "Z019",
                        "visible": null
                    },
                    "textLabelGenerated": "Alltid bra pris!",
                    "textLabelManual": null,
                    "lowestHistoricalPrice": null,
                    "price": {
                        "currencyIso": "SEK",
                        "value": 16.0,
                        "priceType": "BUY",
                        "formattedValue": "16,00 kr",
                        "minQuantity": null,
                        "maxQuantity": null
                    },
                    "promotionType": "MixMatchPricePromotion",
                    "conditionLabel": "2 för",
                    "rewardLabel": "32 kr",
                    "textLabel": "Alltid bra pris!",
                    "redeemLimitLabel": "",
                    "cartLabel": null,
                    "validUntil": null,
                    "timesUsed": null,
                    "qualifyingCount": 2,
                    "comparePrice": "64,00 kr",
                    "splashTitleText": "Alltid bra pris",
                    "realMixAndMatch": true,
                    "mainProductCode": "101305967_ST",
                    "conditionLabelFormatted": "",
                    "promotionRedeemLimit": null,
                    "promotionPercentage": null,
                    "cartLabelFormatted": "",
                    "priority": 208,
                    "code": "10009465110"
                }
            ],
            "inactivePotentialPromotions": [],
            "priceValue": 17.95,
            "price": "17,95 kr",
            "image": {
                "imageType": "PRIMARY",
                "format": "product",
                "url": "https://assets.axfood.se/image/upload/f_auto,t_200/07340083489457_C1N1_s01",
                "altText": null,
                "galleryIndex": null,
                "width": null
            },
            "ranking": 20.911090582005,
            "depositPrice": "1,00 kr",
            "averageWeight": null,
            "comparePrice": "71,80 kr",
            "comparePriceUnit": "l",
            "isDrugProduct": false,
            "solrSearchScore": 0.7614262700080872,
            "energyDeclaration": null,
            "newsSplashProduct": false,
            "notAllowedB2b": false,
            "notAllowedAnonymous": false,
            "productLine2": "GARANT, 250ml",
            "pickupProductLine2": "GARANT, 250ml",
            "priceUnit": "kr/st",
            "priceNoUnit": "17,95",
            "savingsAmount": 3.9,
            "googleAnalyticsCategory": "mejeri-ost-och-agg|mellanmal-och-desserter|smamal-och-dricka-nu",
            "gdprTrackingIncompliant": false,
            "nicotineMedicalProduct": false,
            "tobaccoFreeNicotineProduct": false,
            "nonEkoProduct": false,
            "precautionaryStatements": [],
            "hazards": [],
            "tobaccoProduct": false,
            "showGoodPriceIcon": true,
            "labels": [],
            "seoDescription": "",
            "seoTitle": "",
            "manufacturer": "Garant",
            "incrementValue": 1.0,
            "productBasketType": {
                "code": "ST",
                "type": "ProductBasketTypeEnum"
            },
            "bargainProduct": false,
            "addToCartMessage": "",
            "thumbnail": {
                "imageType": "PRIMARY",
                "format": "thumbnail",
                "url": "https://assets.axfood.se/image/upload/f_auto,t_100/07340083489457_C1N1_s01",
                "altText": null,
                "galleryIndex": null,
                "width": null
            },
            "outOfStock": false,
            "online": true,
            "displayVolume": "250ml",
            "addToCartDisabled": false,
            "name": "Apelsinjuice med Fruktkött",
            "code": "101305967_ST"
        },
        {
            "potentialPromotions": [
                {
                    "threshold": null,
                    "applied": false,
                    "campaignType": "GENERAL",
                    "offerStatus": null,
                    "productCodes": [
                        "101202735_ST",
                        "101202738_ST",
                        "101202766_ST",
                        "101202890_ST",
                        "101203413_ST",
                        "101222618_ST"
                    ],
                    "promotionTheme": {
                        "code": "Z019",
                        "visible": null
                    },
                    "textLabelGenerated": "Alltid bra pris!",
                    "textLabelManual": null,
                    "lowestHistoricalPrice": null,
                    "price": {
                        "currencyIso": "SEK",
                        "value": 27.5,
                        "priceType": "BUY",
                        "formattedValue": "27,50 kr",
                        "minQuantity": null,
                        "maxQuantity": null
                    },
                    "promotionType": "MixMatchPricePromotion",
                    "conditionLabel": "2 för",
                    "rewardLabel": "55 kr",
                    "textLabel": "Alltid bra pris!",
                    "redeemLimitLabel": "",
                    "cartLabel": null,
                    "validUntil": null,
                    "timesUsed": null,
                    "qualifyingCount": 2,
                    "comparePrice": "137,50 kr",
                    "splashTitleText": "Alltid bra pris",
                    "realMixAndMatch": true,
                    "mainProductCode": "101202735_ST",
                    "conditionLabelFormatted": "",
                    "promotionRedeemLimit": null,
                    "promotionPercentage": null,
                    "cartLabelFormatted": "",
                    "priority": 208,
                    "code": "10009465109"
                }
            ],
            "inactivePotentialPromotions": [],
            "priceValue": 32.95,
            "price": "32,95 kr",
            "image": {
                "imageType": "PRIMARY",
                "format": "product",
                "url": "https://assets.axfood.se/image/upload/f_auto,t_200/07340083426636_C1C1_s02",
                "altText": null,
                "galleryIndex": null,
                "width": null
            },
            "ranking": 20.9110905787282,
            "depositPrice": "",
            "averageWeight": null,
            "comparePrice": "164,75 kr",
            "comparePriceUnit": "kg",
            "isDrugProduct": false,
            "solrSearchScore": 0.7614262700080872,
            "energyDeclaration": null,
            "newsSplashProduct": false,
            "notAllowedB2b": false,
            "notAllowedAnonymous": false,
            "productLine2": "FRISCHGOLD, 200g",
            "pickupProductLine2": "FRISCHGOLD, 200g",
            "priceUnit": "kr/st",
            "priceNoUnit": "32,95",
            "savingsAmount": 10.9,
            "googleAnalyticsCategory": "mejeri-ost-och-agg|ost|palaggsost|skivad-ost",
            "gdprTrackingIncompliant": false,
            "nicotineMedicalProduct": false,
            "tobaccoFreeNicotineProduct": false,
            "nonEkoProduct": false,
            "precautionaryStatements": [],
            "hazards": [],
            "tobaccoProduct": false,
            "showGoodPriceIcon": true,
            "labels": [],
            "seoDescription": "",
            "seoTitle": "",
            "manufacturer": "Frischgold",
            "incrementValue": 1.0,
            "productBasketType": {
                "code": "ST",
                "type": "ProductBasketTypeEnum"
            },
            "bargainProduct": false,
            "addToCartMessage": "",
            "thumbnail": {
                "imageType": "PRIMARY",
                "format": "thumbnail",
                "url": "https://assets.axfood.se/image/upload/f_auto,t_100/07340083426636_C1C1_s02",
                "altText": null,
                "galleryIndex": null,
                "width": null
            },
            "outOfStock": false,
            "online": true,
            "displayVolume": "200g",
            "addToCartDisabled": false,
            "name": "Gouda Skivad 29%",
            "code": "101202735_ST"
        },
        {
            "potentialPromotions": [
                {
                    "threshold": null,
                    "applied": false,
                    "campaignType": "GENERAL",
                    "offerStatus": null,
                    "productCodes": [
                        "101244011_ST",
                        "101277666_ST",
                        "101547983_ST"
                    ],
                    "promotionTheme": {
                        "code": "Z019",
                        "visible": null
                    },
                    "textLabelGenerated": "Alltid bra pris!",
                    "textLabelManual": null,
                    "lowestHistoricalPrice": null,
                    "price": {
                        "currencyIso": "SEK",
                        "value": 24.5,
                        "priceType": "BUY",
                        "formattedValue": "24,50 kr",
                        "minQuantity": null,
                        "maxQuantity": null
                    },
                    "promotionType": "MixMatchPricePromotion",
                    "conditionLabel": "2 för",
                    "rewardLabel": "49 kr",
                    "textLabel": "Alltid bra pris!",
                    "redeemLimitLabel": "",
                    "cartLabel": null,
                    "validUntil": null,
                    "timesUsed": null,
                    "qualifyingCount": 2,
                    "comparePrice": "122,50 kr",
                    "splashTitleText": "Alltid bra pris",
                    "realMixAndMatch": true,
                    "mainProductCode": "101244011_ST",
                    "conditionLabelFormatted": "",
                    "promotionRedeemLimit": null,
                    "promotionPercentage": null,
                    "cartLabelFormatted": "",
                    "priority": 208,
                    "code": "10009465108"
                }
            ],
            "inactivePotentialPromotions": [],
            "priceValue": 27.95,
            "price": "27,95 kr",
            "image": {
                "imageType": "PRIMARY",
                "format": "product",
                "url": "https://assets.axfood.se/image/upload/f_auto,t_200/07340083447532_C1N1_s01",
                "altText": null,
                "galleryIndex": null,
                "width": null
            },
            "ranking": 20.9110905754514,
            "depositPrice": "",
            "averageWeight": null,
            "comparePrice": "139,75 kr",
            "comparePriceUnit": "kg",
            "isDrugProduct": false,
            "solrSearchScore": 0.7614262700080872,
            "energyDeclaration": null,
            "newsSplashProduct": false,
            "notAllowedB2b": false,
            "notAllowedAnonymous": false,
            "productLine2": "ELDORADO, 200g",
            "pickupProductLine2": "ELDORADO, 200g",
            "priceUnit": "kr/st",
            "priceNoUnit": "27,95",
            "savingsAmount": 6.9,
            "googleAnalyticsCategory": "mejeri-ost-och-agg|ost|matlagningsost",
            "gdprTrackingIncompliant": false,
            "nicotineMedicalProduct": false,
            "tobaccoFreeNicotineProduct": false,
            "nonEkoProduct": false,
            "precautionaryStatements": [],
            "hazards": [],
            "tobaccoProduct": false,
            "showGoodPriceIcon": true,
            "labels": [],
            "seoDescription": "",
            "seoTitle": "",
            "manufacturer": "Eldorado",
            "incrementValue": 1.0,
            "productBasketType": {
                "code": "ST",
                "type": "ProductBasketTypeEnum"
            },
            "bargainProduct": false,
            "addToCartMessage": "",
            "thumbnail": {
                "imageType": "PRIMARY",
                "format": "thumbnail",
                "url": "https://assets.axfood.se/image/upload/f_auto,t_100/07340083447532_C1N1_s01",
                "altText": null,
                "galleryIndex": null,
                "width": null
            },
            "outOfStock": false,
            "online": true,
            "displayVolume": "200g",
            "addToCartDisabled": false,
            "name": "Burgers Slices Cheddar",
            "code": "101244011_ST"
        },
        {
            "potentialPromotions": [
                {
                    "threshold": null,
                    "applied": false,
                    "campaignType": "GENERAL",
                    "offerStatus": null,
                    "productCodes": [
                        "101277028_ST"
                    ],
                    "promotionTheme": {
                        "code": "Z019",
                        "visible": null
                    },
                    "textLabelGenerated": "Alltid bra pris!",
                    "textLabelManual": null,
                    "lowestHistoricalPrice": null,
                    "price": {
                        "currencyIso": "SEK",
                        "value": 22.0,
                        "priceType": "BUY",
                        "formattedValue": "22,00 kr",
                        "minQuantity": null,
                        "maxQuantity": null
                    },
                    "promotionType": "MixMatchPricePromotion",
                    "conditionLabel": "2 för",
                    "rewardLabel": "44 kr",
                    "textLabel": "Alltid bra pris!",
                    "redeemLimitLabel": "",
                    "cartLabel": null,
                    "validUntil": null,
                    "timesUsed": null,
                    "qualifyingCount": 2,
                    "comparePrice": "183,33 kr",
                    "splashTitleText": "Alltid bra pris",
                    "realMixAndMatch": false,
                    "mainProductCode": "101277028_ST",
                    "conditionLabelFormatted": "",
                    "promotionRedeemLimit": null,
                    "promotionPercentage": null,
                    "cartLabelFormatted": "",
                    "priority": 208,
                    "code": "10009465107"
                }
            ],
            "inactivePotentialPromotions": [],
            "priceValue": 24.95,
            "price": "24,95 kr",
            "image": {
                "imageType": "PRIMARY",
                "format": "product",
                "url": "https://assets.axfood.se/image/upload/f_auto,t_200/07340083468391_C1N1_s01",
                "altText": null,
                "galleryIndex": null,
                "width": null
            },
            "ranking": 20.9110905721746,
            "depositPrice": "",
            "averageWeight": null,
            "comparePrice": "207,92 kr",
            "comparePriceUnit": "kg",
            "isDrugProduct": false,
            "solrSearchScore": 0.7614262700080872,
            "energyDeclaration": null,
            "newsSplashProduct": false,
            "notAllowedB2b": false,
            "notAllowedAnonymous": false,
            "productLine2": "ELDORADO, 120g",
            "pickupProductLine2": "ELDORADO, 120g",
            "priceUnit": "kr/st",
            "priceNoUnit": "24,95",
            "savingsAmount": 5.9,
            "googleAnalyticsCategory": "vegetariskt|fryst-vegetariskt",
            "gdprTrackingIncompliant": false,
            "nicotineMedicalProduct": false,
            "tobaccoFreeNicotineProduct": false,
            "nonEkoProduct": false,
            "precautionaryStatements": [],
            "hazards": [],
            "tobaccoProduct": false,
            "showGoodPriceIcon": true,
            "labels": [],
            "seoDescription": "",
            "seoTitle": "",
            "manufacturer": "Eldorado",
            "incrementValue": 1.0,
            "productBasketType": {
                "code": "ST",
                "type": "ProductBasketTypeEnum"
            },
            "bargainProduct": false,
            "addToCartMessage": "",
            "thumbnail": {
                "imageType": "PRIMARY",
                "format": "thumbnail",
                "url": "https://assets.axfood.se/image/upload/f_auto,t_100/07340083468391_C1N1_s01",
                "altText": null,
                "galleryIndex": null,
                "width": null
            },
            "outOfStock": false,
            "online": true,
            "displayVolume": "120g",
            "addToCartDisabled": false,
            "name": "Vegobacon Klippta Skivor Vegansk",
            "code": "101277028_ST"
        },
        {
            "potentialPromotions": [
                {
                    "threshold": null,
                    "applied": false,
                    "campaignType": "GENERAL",
                    "offerStatus": null,
                    "productCodes": [
                        "101263449_ST",
                        "101506669_ST"
                    ],
                    "promotionTheme": {
                        "code": "Z019",
                        "visible": null
                    },
                    "textLabelGenerated": "Alltid bra pris!",
                    "textLabelManual": null,
                    "lowestHistoricalPrice": null,
                    "price": {
                        "currencyIso": "SEK",
                        "value": 21.0,
                        "priceType": "BUY",
                        "formattedValue": "21,00 kr",
                        "minQuantity": null,
                        "maxQuantity": null
                    },
                    "promotionType": "MixMatchPricePromotion",
                    "conditionLabel": "2 för",
                    "rewardLabel": "42 kr",
                    "textLabel": "Alltid bra pris!",
                    "redeemLimitLabel": "",
                    "cartLabel": null,
                    "validUntil": null,
                    "timesUsed": null,
                    "qualifyingCount": 2,
                    "comparePrice": "52,50 kr",
                    "splashTitleText": "Alltid bra pris",
                    "realMixAndMatch": true,
                    "mainProductCode": "101263449_ST",
                    "conditionLabelFormatted": "",
                    "promotionRedeemLimit": null,
                    "promotionPercentage": null,
                    "cartLabelFormatted": "",
                    "priority": 208,
                    "code": "10009465106"
                }
            ],
            "inactivePotentialPromotions": [],
            "priceValue": 23.95,
            "price": "23,95 kr",
            "image": {
                "imageType": "PRIMARY",
                "format": "product",
                "url": "https://assets.axfood.se/image/upload/f_auto,t_200/07340083456732_C1N1_s01",
                "altText": null,
                "galleryIndex": null,
                "width": null
            },
            "ranking": 20.9110905688978,
            "depositPrice": "",
            "averageWeight": null,
            "comparePrice": "59,88 kr",
            "comparePriceUnit": "kg",
            "isDrugProduct": false,
            "solrSearchScore": 0.7614262700080872,
            "energyDeclaration": null,
            "newsSplashProduct": false,
            "notAllowedB2b": false,
            "notAllowedAnonymous": false,
            "productLine2": "ELDORADO, 400g",
            "pickupProductLine2": "ELDORADO, 400g",
            "priceUnit": "kr/st",
            "priceNoUnit": "23,95",
            "savingsAmount": 5.9,
            "googleAnalyticsCategory": "kott-fagel-och-chark|korv|grill-och-kryddkorv",
            "gdprTrackingIncompliant": false,
            "nicotineMedicalProduct": false,
            "tobaccoFreeNicotineProduct": false,
            "nonEkoProduct": false,
            "precautionaryStatements": [],
            "hazards": [],
            "tobaccoProduct": false,
            "showGoodPriceIcon": true,
            "labels": [
                "swedish_flag",
                "swedish_bird"
            ],
            "seoDescription": "",
            "seoTitle": "",
            "manufacturer": "Eldorado",
            "incrementValue": 1.0,
            "productBasketType": {
                "code": "ST",
                "type": "ProductBasketTypeEnum"
            },
            "bargainProduct": false,
            "addToCartMessage": "",
            "thumbnail": {
                "imageType": "PRIMARY",
                "format": "thumbnail",
                "url": "https://assets.axfood.se/image/upload/f_auto,t_100/07340083456732_C1N1_s01",
                "altText": null,
                "galleryIndex": null,
                "width": null
            },
            "outOfStock": false,
            "online": true,
            "displayVolume": "400g",
            "addToCartDisabled": false,
            "name": "Grillkorv Kyckling",
            "code": "101263449_ST"
        },
        {
            "potentialPromotions": [
                {
                    "threshold": null,
                    "applied": false,
                    "campaignType": "GENERAL",
                    "offerStatus": null,
                    "productCodes": [
                        "101243975_ST",
                        "101347799_ST",
                        "101350555_ST",
                        "101752592_ST"
                    ],
                    "promotionTheme": {
                        "code": "Z019",
                        "visible": null
                    },
                    "textLabelGenerated": "Alltid bra pris!",
                    "textLabelManual": null,
                    "lowestHistoricalPrice": null,
                    "price": {
                        "currencyIso": "SEK",
                        "value": 15.0,
                        "priceType": "BUY",
                        "formattedValue": "15,00 kr",
                        "minQuantity": null,
                        "maxQuantity": null
                    },
                    "promotionType": "MixMatchPricePromotion",
                    "conditionLabel": "2 för",
                    "rewardLabel": "30 kr",
                    "textLabel": "Alltid bra pris!",
                    "redeemLimitLabel": "",
                    "cartLabel": null,
                    "validUntil": null,
                    "timesUsed": null,
                    "qualifyingCount": 2,
                    "comparePrice": "85,23 kr",
                    "splashTitleText": "Alltid bra pris",
                    "realMixAndMatch": true,
                    "mainProductCode": "101243975_ST",
                    "conditionLabelFormatted": "",
                    "promotionRedeemLimit": null,
                    "promotionPercentage": null,
                    "cartLabelFormatted": "",
                    "priority": 208,
                    "code": "10009465104"
                }
            ],
            "inactivePotentialPromotions": [],
            "priceValue": 16.95,
            "price": "16,95 kr",
            "image": {
                "imageType": "PRIMARY",
                "format": "product",
                "url": "https://assets.axfood.se/image/upload/f_auto,t_200/07340083446733_C1N1_s03",
                "altText": null,
                "galleryIndex": null,
                "width": null
            },
            "ranking": 20.911090565621,
            "depositPrice": "",
            "averageWeight": null,
            "comparePrice": "96,31 kr",
            "comparePriceUnit": "kg",
            "isDrugProduct": false,
            "solrSearchScore": 0.7614262700080872,
            "energyDeclaration": null,
            "newsSplashProduct": false,
            "notAllowedB2b": false,
            "notAllowedAnonymous": false,
            "productLine2": "ELDORADO, 176g",
            "pickupProductLine2": "ELDORADO, 176g",
            "priceUnit": "kr/st",
            "priceNoUnit": "16,95",
            "savingsAmount": 3.9,
            "googleAnalyticsCategory": "brod-och-kakor|kex-och-kakor|sota-kakor",
            "gdprTrackingIncompliant": false,
            "nicotineMedicalProduct": false,
            "tobaccoFreeNicotineProduct": false,
            "nonEkoProduct": false,
            "precautionaryStatements": [],
            "hazards": [],
            "tobaccoProduct": false,
            "showGoodPriceIcon": true,
            "labels": [],
            "seoDescription": "",
            "seoTitle": "",
            "manufacturer": "Eldorado",
            "incrementValue": 1.0,
            "productBasketType": {
                "code": "ST",
                "type": "ProductBasketTypeEnum"
            },
            "bargainProduct": false,
            "addToCartMessage": "",
            "thumbnail": {
                "imageType": "PRIMARY",
                "format": "thumbnail",
                "url": "https://assets.axfood.se/image/upload/f_auto,t_100/07340083446733_C1N1_s03",
                "altText": null,
                "galleryIndex": null,
                "width": null
            },
            "outOfStock": false,
            "online": true,
            "displayVolume": "176g",
            "addToCartDisabled": false,
            "name": "Duokaka Vanilj & Hallon",
            "code": "101243975_ST"
        },
        {
            "potentialPromotions": [
                {
                    "threshold": null,
                    "applied": false,
                    "campaignType": "GENERAL",
                    "offerStatus": null,
                    "productCodes": [
                        "101232098_ST"
                    ],
                    "promotionTheme": {
                        "code": "Z019",
                        "visible": null
                    },
                    "textLabelGenerated": "Alltid bra pris!",
                    "textLabelManual": null,
                    "lowestHistoricalPrice": null,
                    "price": {
                        "currencyIso": "SEK",
                        "value": 14.5,
                        "priceType": "BUY",
                        "formattedValue": "14,50 kr",
                        "minQuantity": null,
                        "maxQuantity": null
                    },
                    "promotionType": "MixMatchPricePromotion",
                    "conditionLabel": "2 för",
                    "rewardLabel": "29 kr",
                    "textLabel": "Alltid bra pris!",
                    "redeemLimitLabel": "",
                    "cartLabel": null,
                    "validUntil": null,
                    "timesUsed": null,
                    "qualifyingCount": 2,
                    "comparePrice": "29,00 kr",
                    "splashTitleText": "Alltid bra pris",
                    "realMixAndMatch": false,
                    "mainProductCode": "101232098_ST",
                    "conditionLabelFormatted": "",
                    "promotionRedeemLimit": null,
                    "promotionPercentage": null,
                    "cartLabelFormatted": "",
                    "priority": 208,
                    "code": "10009465103"
                }
            ],
            "inactivePotentialPromotions": [],
            "priceValue": 15.95,
            "price": "15,95 kr",
            "image": {
                "imageType": "PRIMARY",
                "format": "product",
                "url": "https://assets.axfood.se/image/upload/f_auto,t_200/07340083435539_C1L1_s02",
                "altText": null,
                "galleryIndex": null,
                "width": null
            },
            "ranking": 20.9110905623442,
            "depositPrice": "",
            "averageWeight": null,
            "comparePrice": "31,90 kr",
            "comparePriceUnit": "kg",
            "isDrugProduct": false,
            "solrSearchScore": 0.7614262700080872,
            "energyDeclaration": null,
            "newsSplashProduct": false,
            "notAllowedB2b": false,
            "notAllowedAnonymous": false,
            "productLine2": "ELDORADO, 500g",
            "pickupProductLine2": "ELDORADO, 500g",
            "priceUnit": "kr/st",
            "priceNoUnit": "15,95",
            "savingsAmount": 2.9,
            "googleAnalyticsCategory": "mejeri-ost-och-agg|mellanmal-och-desserter|kvarg-och-cottage-cheese-|kvarg",
            "gdprTrackingIncompliant": false,
            "nicotineMedicalProduct": false,
            "tobaccoFreeNicotineProduct": false,
            "nonEkoProduct": false,
            "precautionaryStatements": [],
            "hazards": [],
            "tobaccoProduct": false,
            "showGoodPriceIcon": true,
            "labels": [
                "keyhole"
            ],
            "seoDescription": "",
            "seoTitle": "",
            "manufacturer": "Eldorado",
            "incrementValue": 1.0,
            "productBasketType": {
                "code": "ST",
                "type": "ProductBasketTypeEnum"
            },
            "bargainProduct": false,
            "addToCartMessage": "",
            "thumbnail": {
                "imageType": "PRIMARY",
                "format": "thumbnail",
                "url": "https://assets.axfood.se/image/upload/f_auto,t_100/07340083435539_C1L1_s02",
                "altText": null,
                "galleryIndex": null,
                "width": null
            },
            "outOfStock": false,
            "online": true,
            "displayVolume": "500g",
            "addToCartDisabled": false,
            "name": "Naturell Kvarg 0,3%",
            "code": "101232098_ST"
        },
        {
            "potentialPromotions": [
                {
                    "threshold": null,
                    "applied": false,
                    "campaignType": "GENERAL",
                    "offerStatus": null,
                    "productCodes": [
                        "101358420_ST"
                    ],
                    "promotionTheme": {
                        "code": "Z019",
                        "visible": null
                    },
                    "textLabelGenerated": "Alltid bra pris!",
                    "textLabelManual": null,
                    "lowestHistoricalPrice": null,
                    "price": {
                        "currencyIso": "SEK",
                        "value": 12.0,
                        "priceType": "BUY",
                        "formattedValue": "12,00 kr",
                        "minQuantity": null,
                        "maxQuantity": null
                    },
                    "promotionType": "MixMatchPricePromotion",
                    "conditionLabel": "2 för",
                    "rewardLabel": "24 kr",
                    "textLabel": "Alltid bra pris!",
                    "redeemLimitLabel": "",
                    "cartLabel": null,
                    "validUntil": null,
                    "timesUsed": null,
                    "qualifyingCount": 2,
                    "comparePrice": "60,00 kr",
                    "splashTitleText": "Alltid bra pris",
                    "realMixAndMatch": false,
                    "mainProductCode": "101358420_ST",
                    "conditionLabelFormatted": "",
                    "promotionRedeemLimit": null,
                    "promotionPercentage": null,
                    "cartLabelFormatted": "",
                    "priority": 208,
                    "code": "10009465102"
                }
            ],
            "inactivePotentialPromotions": [],
            "priceValue": 12.95,
            "price": "12,95 kr",
            "image": {
                "imageType": "PRIMARY",
                "format": "product",
                "url": "https://assets.axfood.se/image/upload/f_auto,t_200/07340083496905_C1N1_s01",
                "altText": null,
                "galleryIndex": null,
                "width": null
            },
            "ranking": 20.9110905590674,
            "depositPrice": "",
            "averageWeight": null,
            "comparePrice": "64,75 kr",
            "comparePriceUnit": "kg",
            "isDrugProduct": false,
            "solrSearchScore": 0.7614262700080872,
            "energyDeclaration": null,
            "newsSplashProduct": false,
            "notAllowedB2b": false,
            "notAllowedAnonymous": false,
            "productLine2": "ELDORADO, 200g",
            "pickupProductLine2": "ELDORADO, 200g",
            "priceUnit": "kr/st",
            "priceNoUnit": "12,95",
            "savingsAmount": 1.9,
            "googleAnalyticsCategory": "vegetariskt|tofu",
            "gdprTrackingIncompliant": false,
            "nicotineMedicalProduct": false,
            "tobaccoFreeNicotineProduct": false,
            "nonEkoProduct": false,
            "precautionaryStatements": [],
            "hazards": [],
            "tobaccoProduct": false,
            "showGoodPriceIcon": true,
            "labels": [
                "keyhole"
            ],
            "seoDescription": "",
            "seoTitle": "",
            "manufacturer": "Eldorado",
            "incrementValue": 1.0,
            "productBasketType": {
                "code": "ST",
                "type": "ProductBasketTypeEnum"
            },
            "bargainProduct": false,
            "addToCartMessage": "",
            "thumbnail": {
                "imageType": "PRIMARY",
                "format": "thumbnail",
                "url": "https://assets.axfood.se/image/upload/f_auto,t_100/07340083496905_C1N1_s01",
                "altText": null,
                "galleryIndex": null,
                "width": null
            },
            "outOfStock": false,
            "online": true,
            "displayVolume": "200g",
            "addToCartDisabled": false,
            "name": "Naturell Tofu Fast Vegansk",
            "code": "101358420_ST"
        },
        {
            "potentialPromotions": [
                {
                    "threshold": null,
                    "applied": false,
                    "campaignType": "GENERAL",
                    "offerStatus": null,
                    "productCodes": [
                        "101246070_ST",
                        "101246072_ST",
                        "101246140_ST",
                        "101317486_ST",
                        "101317498_ST"
                    ],
                    "promotionTheme": {
                        "code": "Z019",
                        "visible": null
                    },
                    "textLabelGenerated": "Alltid bra pris!",
                    "textLabelManual": null,
                    "lowestHistoricalPrice": null,
                    "price": {
                        "currencyIso": "SEK",
                        "value": 25.0,
                        "priceType": "BUY",
                        "formattedValue": "25,00 kr",
                        "minQuantity": null,
                        "maxQuantity": null
                    },
                    "promotionType": "MixMatchPricePromotion",
                    "conditionLabel": "2 för",
                    "rewardLabel": "50 kr",
                    "textLabel": "Alltid bra pris!",
                    "redeemLimitLabel": "",
                    "cartLabel": null,
                    "validUntil": null,
                    "timesUsed": null,
                    "qualifyingCount": 2,
                    "comparePrice": "50,00 kr",
                    "splashTitleText": "Alltid bra pris",
                    "realMixAndMatch": true,
                    "mainProductCode": "101246070_ST",
                    "conditionLabelFormatted": "",
                    "promotionRedeemLimit": null,
                    "promotionPercentage": null,
                    "cartLabelFormatted": "",
                    "priority": 208,
                    "code": "10009465101"
                }
            ],
            "inactivePotentialPromotions": [],
            "priceValue": 28.95,
            "price": "28,95 kr",
            "image": {
                "imageType": "PRIMARY",
                "format": "product",
                "url": "https://assets.axfood.se/image/upload/f_auto,t_200/05900643034965_C1L1_s03",
                "altText": null,
                "galleryIndex": null,
                "width": null
            },
            "ranking": 20.9110905557906,
            "depositPrice": "",
            "averageWeight": null,
            "comparePrice": "57,90 kr",
            "comparePriceUnit": "kg",
            "isDrugProduct": false,
            "solrSearchScore": 0.7614262700080872,
            "energyDeclaration": null,
            "newsSplashProduct": false,
            "notAllowedB2b": false,
            "notAllowedAnonymous": false,
            "productLine2": "ACTIVIA, 4p/125g",
            "pickupProductLine2": "ACTIVIA, 4p/125g",
            "priceUnit": "kr/st",
            "priceNoUnit": "28,95",
            "savingsAmount": 7.9,
            "googleAnalyticsCategory": "mejeri-ost-och-agg|yoghurt-och-filmjolk|drickyoghurt",
            "gdprTrackingIncompliant": false,
            "nicotineMedicalProduct": false,
            "tobaccoFreeNicotineProduct": false,
            "nonEkoProduct": false,
            "precautionaryStatements": [],
            "hazards": [],
            "tobaccoProduct": false,
            "showGoodPriceIcon": true,
            "labels": [],
            "seoDescription": "",
            "seoTitle": "",
            "manufacturer": "Activia",
            "incrementValue": 1.0,
            "productBasketType": {
                "code": "ST",
                "type": "ProductBasketTypeEnum"
            },
            "bargainProduct": false,
            "addToCartMessage": "",
            "thumbnail": {
                "imageType": "PRIMARY",
                "format": "thumbnail",
                "url": "https://assets.axfood.se/image/upload/f_auto,t_100/05900643034965_C1L1_s03",
                "altText": null,
                "galleryIndex": null,
                "width": null
            },
            "outOfStock": false,
            "online": true,
            "displayVolume": "4p/125g",
            "addToCartDisabled": false,
            "name": "Jordgubb Yoghurt",
            "code": "101246070_ST"
        },
        {
            "potentialPromotions": [
                {
                    "threshold": null,
                    "applied": false,
                    "campaignType": "GENERAL",
                    "offerStatus": null,
                    "productCodes": [
                        "101363604_ST",
                        "101363605_ST",
                        "101543070_ST",
                        "101584197_ST",
                        "101690066_ST"
                    ],
                    "promotionTheme": {
                        "code": "Z019",
                        "visible": null
                    },
                    "textLabelGenerated": "Alltid bra pris!",
                    "textLabelManual": null,
                    "lowestHistoricalPrice": null,
                    "price": {
                        "currencyIso": "SEK",
                        "value": 25.0,
                        "priceType": "BUY",
                        "formattedValue": "25,00 kr",
                        "minQuantity": null,
                        "maxQuantity": null
                    },
                    "promotionType": "MixMatchPricePromotion",
                    "conditionLabel": "2 för",
                    "rewardLabel": "50 kr",
                    "textLabel": "Alltid bra pris!",
                    "redeemLimitLabel": "",
                    "cartLabel": null,
                    "validUntil": null,
                    "timesUsed": null,
                    "qualifyingCount": 2,
                    "comparePrice": "71,43 kr",
                    "splashTitleText": "Alltid bra pris",
                    "realMixAndMatch": true,
                    "mainProductCode": "100335870_ST",
                    "conditionLabelFormatted": "",
                    "promotionRedeemLimit": null,
                    "promotionPercentage": null,
                    "cartLabelFormatted": "",
                    "priority": 208,
                    "code": "10009465345"
                }
            ],
            "inactivePotentialPromotions": [],
            "priceValue": 28.95,
            "price": "28,95 kr",
            "image": {
                "imageType": "PRIMARY",
                "format": "product",
                "url": "https://assets.axfood.se/image/upload/f_auto,t_200/07340083496448_C1L1_s01",
                "altText": null,
                "galleryIndex": null,
                "width": null
            },
            "ranking": 20.9110905525138,
            "depositPrice": "",
            "averageWeight": null,
            "comparePrice": "82,71 kr",
            "comparePriceUnit": "kg",
            "isDrugProduct": false,
            "solrSearchScore": 0.7614262700080872,
            "energyDeclaration": null,
            "newsSplashProduct": false,
            "notAllowedB2b": false,
            "notAllowedAnonymous": false,
            "productLine2": "ELDORADO, 350g",
            "pickupProductLine2": "ELDORADO, 350g",
            "priceUnit": "kr/st",
            "priceNoUnit": "28,95",
            "savingsAmount": 7.9,
            "googleAnalyticsCategory": "skafferi|flingor-och-musli|flingor",
            "gdprTrackingIncompliant": false,
            "nicotineMedicalProduct": false,
            "tobaccoFreeNicotineProduct": false,
            "nonEkoProduct": false,
            "precautionaryStatements": [],
            "hazards": [],
            "tobaccoProduct": false,
            "showGoodPriceIcon": true,
            "labels": [],
            "seoDescription": "",
            "seoTitle": "",
            "manufacturer": "Eldorado",
            "incrementValue": 1.0,
            "productBasketType": {
                "code": "ST",
                "type": "ProductBasketTypeEnum"
            },
            "bargainProduct": false,
            "addToCartMessage": "",
            "thumbnail": {
                "imageType": "PRIMARY",
                "format": "thumbnail",
                "url": "https://assets.axfood.se/image/upload/f_auto,t_100/07340083496448_C1L1_s01",
                "altText": null,
                "galleryIndex": null,
                "width": null
            },
            "outOfStock": false,
            "online": true,
            "displayVolume": "350g",
            "addToCartDisabled": false,
            "name": "Happy Hoops",
            "code": "101363604_ST"
        },
        {
            "potentialPromotions": [
                {
                    "threshold": null,
                    "applied": false,
                    "campaignType": "GENERAL",
                    "offerStatus": null,
                    "productCodes": [
                        "101287437_ST",
                        "101314729_ST",
                        "101314730_ST"
                    ],
                    "promotionTheme": {
                        "code": "Z019",
                        "visible": null
                    },
                    "textLabelGenerated": "Alltid bra pris!",
                    "textLabelManual": null,
                    "lowestHistoricalPrice": null,
                    "price": {
                        "currencyIso": "SEK",
                        "value": 10.0,
                        "priceType": "BUY",
                        "formattedValue": "10,00 kr",
                        "minQuantity": null,
                        "maxQuantity": null
                    },
                    "promotionType": "MixMatchPricePromotion",
                    "conditionLabel": "2 för",
                    "rewardLabel": "20 kr",
                    "textLabel": "Alltid bra pris!",
                    "redeemLimitLabel": "",
                    "cartLabel": null,
                    "validUntil": null,
                    "timesUsed": null,
                    "qualifyingCount": 2,
                    "comparePrice": "153,85 kr",
                    "splashTitleText": "Alltid bra pris",
                    "realMixAndMatch": true,
                    "mainProductCode": "101287437_ST",
                    "conditionLabelFormatted": "",
                    "promotionRedeemLimit": null,
                    "promotionPercentage": null,
                    "cartLabelFormatted": "",
                    "priority": 208,
                    "code": "10009465343"
                }
            ],
            "inactivePotentialPromotions": [],
            "priceValue": 10.95,
            "price": "10,95 kr",
            "image": {
                "imageType": "PRIMARY",
                "format": "product",
                "url": "https://assets.axfood.se/image/upload/f_auto,t_200/07340083472299_C1N1_s02",
                "altText": null,
                "galleryIndex": null,
                "width": null
            },
            "ranking": 20.9110905459602,
            "depositPrice": "",
            "averageWeight": null,
            "comparePrice": "168,46 kr",
            "comparePriceUnit": "kg",
            "isDrugProduct": false,
            "solrSearchScore": 0.7614262700080872,
            "energyDeclaration": null,
            "newsSplashProduct": false,
            "notAllowedB2b": false,
            "notAllowedAnonymous": false,
            "productLine2": "ELDORADO, 65g",
            "pickupProductLine2": "ELDORADO, 65g",
            "priceUnit": "kr/st",
            "priceNoUnit": "10,95",
            "savingsAmount": 1.9,
            "googleAnalyticsCategory": "skafferi|asien|nudlar-",
            "gdprTrackingIncompliant": false,
            "nicotineMedicalProduct": false,
            "tobaccoFreeNicotineProduct": false,
            "nonEkoProduct": false,
            "precautionaryStatements": [],
            "hazards": [],
            "tobaccoProduct": false,
            "showGoodPriceIcon": true,
            "labels": [],
            "seoDescription": "",
            "seoTitle": "",
            "manufacturer": "Eldorado",
            "incrementValue": 1.0,
            "productBasketType": {
                "code": "ST",
                "type": "ProductBasketTypeEnum"
            },
            "bargainProduct": false,
            "addToCartMessage": "",
            "thumbnail": {
                "imageType": "PRIMARY",
                "format": "thumbnail",
                "url": "https://assets.axfood.se/image/upload/f_auto,t_100/07340083472299_C1N1_s02",
                "altText": null,
                "galleryIndex": null,
                "width": null
            },
            "outOfStock": false,
            "online": true,
            "displayVolume": "65g",
            "addToCartDisabled": false,
            "name": "Snabbnudlar Spicy Tom Yum",
            "code": "101287437_ST"
        },
        {
            "potentialPromotions": [
                {
                    "threshold": null,
                    "applied": false,
                    "campaignType": "GENERAL",
                    "offerStatus": null,
                    "productCodes": [
                        "101251649_ST",
                        "101252161_ST",
                        "101252162_ST",
                        "101252163_ST",
                        "101252164_ST",
                        "101273935_ST"
                    ],
                    "promotionTheme": {
                        "code": "Z019",
                        "visible": null
                    },
                    "textLabelGenerated": "Alltid bra pris!",
                    "textLabelManual": null,
                    "lowestHistoricalPrice": null,
                    "price": {
                        "currencyIso": "SEK",
                        "value": 4.5,
                        "priceType": "BUY",
                        "formattedValue": "4,50 kr",
                        "minQuantity": null,
                        "maxQuantity": null
                    },
                    "promotionType": "MixMatchPricePromotion",
                    "conditionLabel": "4 för",
                    "rewardLabel": "18 kr",
                    "textLabel": "Alltid bra pris!",
                    "redeemLimitLabel": "",
                    "cartLabel": null,
                    "validUntil": null,
                    "timesUsed": null,
                    "qualifyingCount": 4,
                    "comparePrice": "52,94 kr",
                    "splashTitleText": "Alltid bra pris",
                    "realMixAndMatch": true,
                    "mainProductCode": "101251649_ST",
                    "conditionLabelFormatted": "",
                    "promotionRedeemLimit": null,
                    "promotionPercentage": null,
                    "cartLabelFormatted": "",
                    "priority": 208,
                    "code": "10009465342"
                }
            ],
            "inactivePotentialPromotions": [],
            "priceValue": 4.95,
            "price": "4,95 kr",
            "image": {
                "imageType": "PRIMARY",
                "format": "product",
                "url": "https://assets.axfood.se/image/upload/f_auto,t_200/07340083450488_C1N1_s03",
                "altText": null,
                "galleryIndex": null,
                "width": null
            },
            "ranking": 20.9110905426834,
            "depositPrice": "",
            "averageWeight": null,
            "comparePrice": "58,24 kr",
            "comparePriceUnit": "kg",
            "isDrugProduct": false,
            "solrSearchScore": 0.7614262700080872,
            "energyDeclaration": null,
            "newsSplashProduct": false,
            "notAllowedB2b": false,
            "notAllowedAnonymous": false,
            "productLine2": "ELDORADO, 85g",
            "pickupProductLine2": "ELDORADO, 85g",
            "priceUnit": "kr/st",
            "priceNoUnit": "4,95",
            "savingsAmount": 1.8,
            "googleAnalyticsCategory": "skafferi|asien|nudlar-",
            "gdprTrackingIncompliant": false,
            "nicotineMedicalProduct": false,
            "tobaccoFreeNicotineProduct": false,
            "nonEkoProduct": false,
            "precautionaryStatements": [],
            "hazards": [],
            "tobaccoProduct": false,
            "showGoodPriceIcon": true,
            "labels": [],
            "seoDescription": "",
            "seoTitle": "",
            "manufacturer": "Eldorado",
            "incrementValue": 1.0,
            "productBasketType": {
                "code": "ST",
                "type": "ProductBasketTypeEnum"
            },
            "bargainProduct": false,
            "addToCartMessage": "",
            "thumbnail": {
                "imageType": "PRIMARY",
                "format": "thumbnail",
                "url": "https://assets.axfood.se/image/upload/f_auto,t_100/07340083450488_C1N1_s03",
                "altText": null,
                "galleryIndex": null,
                "width": null
            },
            "outOfStock": false,
            "online": true,
            "displayVolume": "85g",
            "addToCartDisabled": false,
            "name": "Snabbnudlar Svamp",
            "code": "101251649_ST"
        },
        {
            "potentialPromotions": [
                {
                    "threshold": null,
                    "applied": false,
                    "campaignType": "GENERAL",
                    "offerStatus": null,
                    "productCodes": [
                        "101231940_ST",
                        "101231941_ST",
                        "101703197_ST",
                        "101703228_ST"
                    ],
                    "promotionTheme": {
                        "code": "Z019",
                        "visible": null
                    },
                    "textLabelGenerated": "Alltid bra pris!",
                    "textLabelManual": null,
                    "lowestHistoricalPrice": null,
                    "price": {
                        "currencyIso": "SEK",
                        "value": 22.5,
                        "priceType": "BUY",
                        "formattedValue": "22,50 kr",
                        "minQuantity": null,
                        "maxQuantity": null
                    },
                    "promotionType": "MixMatchPricePromotion",
                    "conditionLabel": "2 för",
                    "rewardLabel": "45 kr",
                    "textLabel": "Alltid bra pris!",
                    "redeemLimitLabel": "",
                    "cartLabel": null,
                    "validUntil": null,
                    "timesUsed": null,
                    "qualifyingCount": 2,
                    "comparePrice": "56,25 kr",
                    "splashTitleText": "Alltid bra pris",
                    "realMixAndMatch": true,
                    "mainProductCode": "101231940_ST",
                    "conditionLabelFormatted": "",
                    "promotionRedeemLimit": null,
                    "promotionPercentage": null,
                    "cartLabelFormatted": "",
                    "priority": 208,
                    "code": "10009465341"
                }
            ],
            "inactivePotentialPromotions": [],
            "priceValue": 24.95,
            "price": "24,95 kr",
            "image": {
                "imageType": "PRIMARY",
                "format": "product",
                "url": "https://assets.axfood.se/image/upload/f_auto,t_200/07340083443305_C1N1_s01",
                "altText": null,
                "galleryIndex": null,
                "width": null
            },
            "ranking": 20.9110905394066,
            "depositPrice": "",
            "averageWeight": null,
            "comparePrice": "62,38 kr",
            "comparePriceUnit": "kg",
            "isDrugProduct": false,
            "solrSearchScore": 0.7614262700080872,
            "energyDeclaration": null,
            "newsSplashProduct": false,
            "notAllowedB2b": false,
            "notAllowedAnonymous": false,
            "productLine2": "GARANT, 400g",
            "pickupProductLine2": "GARANT, 400g",
            "priceUnit": "kr/st",
            "priceNoUnit": "24,95",
            "savingsAmount": 4.9,
            "googleAnalyticsCategory": "skafferi|kryddor-och-smaksattare|saser",
            "gdprTrackingIncompliant": false,
            "nicotineMedicalProduct": false,
            "tobaccoFreeNicotineProduct": false,
            "nonEkoProduct": false,
            "precautionaryStatements": [],
            "hazards": [],
            "tobaccoProduct": false,
            "showGoodPriceIcon": true,
            "labels": [],
            "seoDescription": "",
            "seoTitle": "",
            "manufacturer": "Garant",
            "incrementValue": 1.0,
            "productBasketType": {
                "code": "ST",
                "type": "ProductBasketTypeEnum"
            },
            "bargainProduct": false,
            "addToCartMessage": "",
            "thumbnail": {
                "imageType": "PRIMARY",
                "format": "thumbnail",
                "url": "https://assets.axfood.se/image/upload/f_auto,t_100/07340083443305_C1N1_s01",
                "altText": null,
                "galleryIndex": null,
                "width": null
            },
            "outOfStock": false,
            "online": true,
            "displayVolume": "400g",
            "addToCartDisabled": false,
            "name": "Arrabbiata Pastasås",
            "code": "101231940_ST"
        },
        {
            "potentialPromotions": [
                {
                    "threshold": null,
                    "applied": false,
                    "campaignType": "GENERAL",
                    "offerStatus": null,
                    "productCodes": [
                        "101337368_ST",
                        "101337370_ST"
                    ],
                    "promotionTheme": {
                        "code": "Z019",
                        "visible": null
                    },
                    "textLabelGenerated": "Alltid bra pris!",
                    "textLabelManual": null,
                    "lowestHistoricalPrice": null,
                    "price": {
                        "currencyIso": "SEK",
                        "value": 15.0,
                        "priceType": "BUY",
                        "formattedValue": "15,00 kr",
                        "minQuantity": null,
                        "maxQuantity": null
                    },
                    "promotionType": "MixMatchPricePromotion",
                    "conditionLabel": "2 för",
                    "rewardLabel": "30 kr",
                    "textLabel": "Alltid bra pris!",
                    "redeemLimitLabel": "",
                    "cartLabel": null,
                    "validUntil": null,
                    "timesUsed": null,
                    "qualifyingCount": 2,
                    "comparePrice": "230,77 kr",
                    "splashTitleText": "Alltid bra pris",
                    "realMixAndMatch": true,
                    "mainProductCode": "101337368_ST",
                    "conditionLabelFormatted": "",
                    "promotionRedeemLimit": null,
                    "promotionPercentage": null,
                    "cartLabelFormatted": "",
                    "priority": 208,
                    "code": "10009465340"
                }
            ],
            "inactivePotentialPromotions": [],
            "priceValue": 16.95,
            "price": "16,95 kr",
            "image": {
                "imageType": "PRIMARY",
                "format": "product",
                "url": "https://assets.axfood.se/image/upload/f_auto,t_200/07340083488351_C1N1_s01",
                "altText": null,
                "galleryIndex": null,
                "width": null
            },
            "ranking": 20.9110905361298,
            "depositPrice": "",
            "averageWeight": null,
            "comparePrice": "260,77 kr",
            "comparePriceUnit": "kg",
            "isDrugProduct": false,
            "solrSearchScore": 0.7614262700080872,
            "energyDeclaration": null,
            "newsSplashProduct": false,
            "notAllowedB2b": false,
            "notAllowedAnonymous": false,
            "productLine2": "GARANT, 65g",
            "pickupProductLine2": "GARANT, 65g",
            "priceUnit": "kr/st",
            "priceNoUnit": "16,95",
            "savingsAmount": 3.9,
            "googleAnalyticsCategory": "skafferi|flingor-och-musli|grot",
            "gdprTrackingIncompliant": false,
            "nicotineMedicalProduct": false,
            "tobaccoFreeNicotineProduct": false,
            "nonEkoProduct": false,
            "precautionaryStatements": [],
            "hazards": [],
            "tobaccoProduct": false,
            "showGoodPriceIcon": true,
            "labels": [
                "keyhole"
            ],
            "seoDescription": "",
            "seoTitle": "",
            "manufacturer": "Garant",
            "incrementValue": 1.0,
            "productBasketType": {
                "code": "ST",
                "type": "ProductBasketTypeEnum"
            },
            "bargainProduct": false,
            "addToCartMessage": "",
            "thumbnail": {
                "imageType": "PRIMARY",
                "format": "thumbnail",
                "url": "https://assets.axfood.se/image/upload/f_auto,t_100/07340083488351_C1N1_s01",
                "altText": null,
                "galleryIndex": null,
                "width": null
            },
            "outOfStock": false,
            "online": true,
            "displayVolume": "65g",
            "addToCartDisabled": false,
            "name": "Grötkopp Bär",
            "code": "101337368_ST"
        },
        {
            "potentialPromotions": [
                {
                    "threshold": null,
                    "applied": false,
                    "campaignType": "GENERAL",
                    "offerStatus": null,
                    "productCodes": [
                        "101250198_ST",
                        "101250199_ST",
                        "101250201_ST",
                        "101250204_ST",
                        "101277659_ST",
                        "101310192_ST",
                        "101334234_ST",
                        "101334235_ST",
                        "101353996_ST"
                    ],
                    "promotionTheme": {
                        "code": "Z019",
                        "visible": null
                    },
                    "textLabelGenerated": "Alltid bra pris!",
                    "textLabelManual": null,
                    "lowestHistoricalPrice": null,
                    "price": {
                        "currencyIso": "SEK",
                        "value": 30.0,
                        "priceType": "BUY",
                        "formattedValue": "30,00 kr",
                        "minQuantity": null,
                        "maxQuantity": null
                    },
                    "promotionType": "MixMatchPricePromotion",
                    "conditionLabel": "2 för",
                    "rewardLabel": "60 kr",
                    "textLabel": "Alltid bra pris!",
                    "redeemLimitLabel": "",
                    "cartLabel": null,
                    "validUntil": null,
                    "timesUsed": null,
                    "qualifyingCount": 2,
                    "comparePrice": "37,50 kr",
                    "splashTitleText": "Alltid bra pris",
                    "realMixAndMatch": true,
                    "mainProductCode": "101250198_ST",
                    "conditionLabelFormatted": "",
                    "promotionRedeemLimit": null,
                    "promotionPercentage": null,
                    "cartLabelFormatted": "",
                    "priority": 208,
                    "code": "10009465339"
                }
            ],
            "inactivePotentialPromotions": [],
            "priceValue": 31.95,
            "price": "31,95 kr",
            "image": {
                "imageType": "PRIMARY",
                "format": "product",
                "url": "https://assets.axfood.se/image/upload/f_auto,t_200/07340083450556_C1N1_s01",
                "altText": null,
                "galleryIndex": null,
                "width": null
            },
            "ranking": 20.911090532853,
            "depositPrice": "",
            "averageWeight": null,
            "comparePrice": "39,94 kr",
            "comparePriceUnit": "kg",
            "isDrugProduct": false,
            "solrSearchScore": 0.7614262700080872,
            "energyDeclaration": null,
            "newsSplashProduct": false,
            "notAllowedB2b": false,
            "notAllowedAnonymous": false,
            "productLine2": "ELDORADO, 800g",
            "pickupProductLine2": "ELDORADO, 800g",
            "priceUnit": "kr/st",
            "priceNoUnit": "31,95",
            "savingsAmount": 3.9,
            "googleAnalyticsCategory": "skafferi|bonor-och-linser|artor",
            "gdprTrackingIncompliant": false,
            "nicotineMedicalProduct": false,
            "tobaccoFreeNicotineProduct": false,
            "nonEkoProduct": false,
            "precautionaryStatements": [],
            "hazards": [],
            "tobaccoProduct": false,
            "showGoodPriceIcon": true,
            "labels": [
                "keyhole"
            ],
            "seoDescription": "",
            "seoTitle": "",
            "manufacturer": "Eldorado",
            "incrementValue": 1.0,
            "productBasketType": {
                "code": "ST",
                "type": "ProductBasketTypeEnum"
            },
            "bargainProduct": false,
            "addToCartMessage": "",
            "thumbnail": {
                "imageType": "PRIMARY",
                "format": "thumbnail",
                "url": "https://assets.axfood.se/image/upload/f_auto,t_100/07340083450556_C1N1_s01",
                "altText": null,
                "galleryIndex": null,
                "width": null
            },
            "outOfStock": false,
            "online": true,
            "displayVolume": "800g",
            "addToCartDisabled": false,
            "name": "Kikärter",
            "code": "101250199_ST"
        },
        {
            "potentialPromotions": [
                {
                    "threshold": null,
                    "applied": false,
                    "campaignType": "GENERAL",
                    "offerStatus": null,
                    "productCodes": [
                        "100127211_ST",
                        "100466210_ST",
                        "100793474_ST",
                        "101151913_ST",
                        "101246614_ST",
                        "101470645_ST",
                        "101470652_ST",
                        "101470661_ST",
                        "101470672_ST",
                        "101470673_ST",
                        "101470674_ST",
                        "101548047_ST",
                        "101801697_ST",
                        "101801749_ST"
                    ],
                    "promotionTheme": {
                        "code": "Z019",
                        "visible": null
                    },
                    "textLabelGenerated": "Alltid bra pris!",
                    "textLabelManual": null,
                    "lowestHistoricalPrice": null,
                    "price": {
                        "currencyIso": "SEK",
                        "value": 34.5,
                        "priceType": "BUY",
                        "formattedValue": "34,50 kr",
                        "minQuantity": null,
                        "maxQuantity": null
                    },
                    "promotionType": "MixMatchPricePromotion",
                    "conditionLabel": "2 för",
                    "rewardLabel": "69 kr",
                    "textLabel": "Alltid bra pris!",
                    "redeemLimitLabel": "",
                    "cartLabel": null,
                    "validUntil": null,
                    "timesUsed": null,
                    "qualifyingCount": 2,
                    "comparePrice": "86,25 kr",
                    "splashTitleText": "Alltid bra pris",
                    "realMixAndMatch": true,
                    "mainProductCode": "100127211_ST",
                    "conditionLabelFormatted": "",
                    "promotionRedeemLimit": null,
                    "promotionPercentage": null,
                    "cartLabelFormatted": "",
                    "priority": 208,
                    "code": "10009465336"
                }
            ],
            "inactivePotentialPromotions": [],
            "priceValue": 37.95,
            "price": "37,95 kr",
            "image": {
                "imageType": "PRIMARY",
                "format": "product",
                "url": "https://assets.axfood.se/image/upload/f_auto,t_200/07310500040127_C1N1_s02",
                "altText": null,
                "galleryIndex": null,
                "width": null
            },
            "ranking": 20.9110905295762,
            "depositPrice": "",
            "averageWeight": null,
            "comparePrice": "94,88 kr",
            "comparePriceUnit": "kg",
            "isDrugProduct": false,
            "solrSearchScore": 0.7614262700080872,
            "energyDeclaration": null,
            "newsSplashProduct": false,
            "notAllowedB2b": false,
            "notAllowedAnonymous": false,
            "productLine2": "FINDUS, 400g",
            "pickupProductLine2": "FINDUS, 400g",
            "priceUnit": "kr/st",
            "priceNoUnit": "37,95",
            "savingsAmount": 6.9,
            "googleAnalyticsCategory": "fryst|portionsratter|enportioner",
            "gdprTrackingIncompliant": false,
            "nicotineMedicalProduct": false,
            "tobaccoFreeNicotineProduct": false,
            "nonEkoProduct": false,
            "precautionaryStatements": [],
            "hazards": [],
            "tobaccoProduct": false,
            "showGoodPriceIcon": true,
            "labels": [],
            "seoDescription": "",
            "seoTitle": "",
            "manufacturer": "Findus",
            "incrementValue": 1.0,
            "productBasketType": {
                "code": "ST",
                "type": "ProductBasketTypeEnum"
            },
            "bargainProduct": false,
            "addToCartMessage": "",
            "thumbnail": {
                "imageType": "PRIMARY",
                "format": "thumbnail",
                "url": "https://assets.axfood.se/image/upload/f_auto,t_100/07310500040127_C1N1_s02",
                "altText": null,
                "galleryIndex": null,
                "width": null
            },
            "outOfStock": false,
            "online": true,
            "displayVolume": "400g",
            "addToCartDisabled": false,
            "name": "Oxjärpar Gräddsås Fryst/1 Port",
            "code": "100127211_ST"
        },
        {
            "potentialPromotions": [
                {
                    "threshold": null,
                    "applied": false,
                    "campaignType": "GENERAL",
                    "offerStatus": null,
                    "productCodes": [
                        "101542769_ST",
                        "101542770_ST",
                        "101542771_ST",
                        "101542775_ST"
                    ],
                    "promotionTheme": {
                        "code": "Z019",
                        "visible": null
                    },
                    "textLabelGenerated": "Alltid bra pris!",
                    "textLabelManual": null,
                    "lowestHistoricalPrice": null,
                    "price": {
                        "currencyIso": "SEK",
                        "value": 32.5,
                        "priceType": "BUY",
                        "formattedValue": "32,50 kr",
                        "minQuantity": null,
                        "maxQuantity": null
                    },
                    "promotionType": "MixMatchPricePromotion",
                    "conditionLabel": "2 för",
                    "rewardLabel": "65 kr",
                    "textLabel": "Alltid bra pris!",
                    "redeemLimitLabel": "",
                    "cartLabel": null,
                    "validUntil": null,
                    "timesUsed": null,
                    "qualifyingCount": 2,
                    "comparePrice": "196,97 kr",
                    "splashTitleText": "Alltid bra pris",
                    "realMixAndMatch": true,
                    "mainProductCode": "101542769_ST",
                    "conditionLabelFormatted": "",
                    "promotionRedeemLimit": null,
                    "promotionPercentage": null,
                    "cartLabelFormatted": "",
                    "priority": 208,
                    "code": "10009465323"
                }
            ],
            "inactivePotentialPromotions": [],
            "priceValue": 38.95,
            "price": "38,95 kr",
            "image": {
                "imageType": "PRIMARY",
                "format": "product",
                "url": "https://assets.axfood.se/image/upload/f_auto,t_200/05053990127740_C1N1_s01",
                "altText": null,
                "galleryIndex": null,
                "width": null
            },
            "ranking": 20.9110905230226,
            "depositPrice": "",
            "averageWeight": null,
            "comparePrice": "236,06 kr",
            "comparePriceUnit": "kg",
            "isDrugProduct": false,
            "solrSearchScore": 0.7614262700080872,
            "energyDeclaration": null,
            "newsSplashProduct": false,
            "notAllowedB2b": false,
            "notAllowedAnonymous": false,
            "productLine2": "PRINGLES, 165g",
            "pickupProductLine2": "PRINGLES, 165g",
            "priceUnit": "kr/st",
            "priceNoUnit": "38,95",
            "savingsAmount": 12.9,
            "googleAnalyticsCategory": "godis-snacks-och-glass|chips-och-ostbagar|chips",
            "gdprTrackingIncompliant": false,
            "nicotineMedicalProduct": false,
            "tobaccoFreeNicotineProduct": false,
            "nonEkoProduct": false,
            "precautionaryStatements": [],
            "hazards": [],
            "tobaccoProduct": false,
            "showGoodPriceIcon": true,
            "labels": [],
            "seoDescription": "",
            "seoTitle": "",
            "manufacturer": "Pringles",
            "incrementValue": 1.0,
            "productBasketType": {
                "code": "ST",
                "type": "ProductBasketTypeEnum"
            },
            "bargainProduct": false,
            "addToCartMessage": "",
            "thumbnail": {
                "imageType": "PRIMARY",
                "format": "thumbnail",
                "url": "https://assets.axfood.se/image/upload/f_auto,t_100/05053990127740_C1N1_s01",
                "altText": null,
                "galleryIndex": null,
                "width": null
            },
            "outOfStock": false,
            "online": true,
            "displayVolume": "165g",
            "addToCartDisabled": false,
            "name": "Sourcream & Onion Chips",
            "code": "101542769_ST"
        },
        {
            "potentialPromotions": [
                {
                    "threshold": null,
                    "applied": false,
                    "campaignType": "GENERAL",
                    "offerStatus": null,
                    "productCodes": [
                        "101353275_ST"
                    ],
                    "promotionTheme": {
                        "code": "Z019",
                        "visible": null
                    },
                    "textLabelGenerated": "Alltid bra pris!",
                    "textLabelManual": null,
                    "lowestHistoricalPrice": null,
                    "price": {
                        "currencyIso": "SEK",
                        "value": 12.0,
                        "priceType": "BUY",
                        "formattedValue": "12,00 kr",
                        "minQuantity": null,
                        "maxQuantity": null
                    },
                    "promotionType": "MixMatchPricePromotion",
                    "conditionLabel": "2 för",
                    "rewardLabel": "24 kr",
                    "textLabel": "Alltid bra pris!",
                    "redeemLimitLabel": "",
                    "cartLabel": null,
                    "validUntil": null,
                    "timesUsed": null,
                    "qualifyingCount": 2,
                    "comparePrice": "0,17 kr",
                    "splashTitleText": "Alltid bra pris",
                    "realMixAndMatch": false,
                    "mainProductCode": "101353275_ST",
                    "conditionLabelFormatted": "",
                    "promotionRedeemLimit": null,
                    "promotionPercentage": null,
                    "cartLabelFormatted": "",
                    "priority": 208,
                    "code": "10009465314"
                }
            ],
            "inactivePotentialPromotions": [],
            "priceValue": 12.95,
            "price": "12,95 kr",
            "image": {
                "imageType": "PRIMARY",
                "format": "product",
                "url": "https://assets.axfood.se/image/upload/f_auto,t_200/07340083492488_C1N1_s01",
                "altText": null,
                "galleryIndex": null,
                "width": null
            },
            "ranking": 20.911090516469,
            "depositPrice": "",
            "averageWeight": null,
            "comparePrice": "0,18 kr",
            "comparePriceUnit": "st",
            "isDrugProduct": false,
            "solrSearchScore": 0.7614262700080872,
            "energyDeclaration": null,
            "newsSplashProduct": false,
            "notAllowedB2b": false,
            "notAllowedAnonymous": false,
            "productLine2": "ELDORADO, 72p",
            "pickupProductLine2": "ELDORADO, 72p",
            "priceUnit": "kr/st",
            "priceNoUnit": "12,95",
            "savingsAmount": 1.9,
            "googleAnalyticsCategory": "barn|blojor|barnvard",
            "gdprTrackingIncompliant": false,
            "nicotineMedicalProduct": false,
            "tobaccoFreeNicotineProduct": false,
            "nonEkoProduct": false,
            "precautionaryStatements": [],
            "hazards": [],
            "tobaccoProduct": false,
            "showGoodPriceIcon": true,
            "labels": [
                "swan",
                "allergy_approved",
                "environmental_facet"
            ],
            "seoDescription": "",
            "seoTitle": "",
            "manufacturer": "Eldorado",
            "incrementValue": 1.0,
            "productBasketType": {
                "code": "ST",
                "type": "ProductBasketTypeEnum"
            },
            "bargainProduct": false,
            "addToCartMessage": "",
            "thumbnail": {
                "imageType": "PRIMARY",
                "format": "thumbnail",
                "url": "https://assets.axfood.se/image/upload/f_auto,t_100/07340083492488_C1N1_s01",
                "altText": null,
                "galleryIndex": null,
                "width": null
            },
            "outOfStock": false,
            "online": true,
            "displayVolume": "72p",
            "addToCartDisabled": false,
            "name": "Våtservetter Baby Oparfymerade",
            "code": "101353275_ST"
        },
        {
            "potentialPromotions": [
                {
                    "threshold": null,
                    "applied": false,
                    "campaignType": "GENERAL",
                    "offerStatus": null,
                    "productCodes": [
                        "101205991_ST",
                        "101205994_ST",
                        "101206096_ST",
                        "101206102_ST",
                        "101257831_ST",
                        "101262107_ST",
                        "101309680_ST",
                        "101358247_ST",
                        "101433406_ST",
                        "101550258_ST"
                    ],
                    "promotionTheme": {
                        "code": "Z019",
                        "visible": null
                    },
                    "textLabelGenerated": "Alltid bra pris!",
                    "textLabelManual": null,
                    "lowestHistoricalPrice": null,
                    "price": {
                        "currencyIso": "SEK",
                        "value": 10.0,
                        "priceType": "BUY",
                        "formattedValue": "10,00 kr",
                        "minQuantity": null,
                        "maxQuantity": null
                    },
                    "promotionType": "MixMatchPricePromotion",
                    "conditionLabel": "2 för",
                    "rewardLabel": "20 kr",
                    "textLabel": "Alltid bra pris!",
                    "redeemLimitLabel": "",
                    "cartLabel": null,
                    "validUntil": null,
                    "timesUsed": null,
                    "qualifyingCount": 2,
                    "comparePrice": "6,67 kr",
                    "splashTitleText": "Alltid bra pris",
                    "realMixAndMatch": true,
                    "mainProductCode": "101205991_ST",
                    "conditionLabelFormatted": "",
                    "promotionRedeemLimit": null,
                    "promotionPercentage": null,
                    "cartLabelFormatted": "",
                    "priority": 208,
                    "code": "10009465313"
                }
            ],
            "inactivePotentialPromotions": [],
            "priceValue": 10.95,
            "price": "10,95 kr",
            "image": {
                "imageType": "PRIMARY",
                "format": "product",
                "url": "https://assets.axfood.se/image/upload/f_auto,t_200/07611612513968_C1N1_s03",
                "altText": null,
                "galleryIndex": null,
                "width": null
            },
            "ranking": 20.9110905131922,
            "depositPrice": "2,00 kr",
            "averageWeight": null,
            "comparePrice": "7,30 kr",
            "comparePriceUnit": "l",
            "isDrugProduct": false,
            "solrSearchScore": 0.7614262700080872,
            "energyDeclaration": null,
            "newsSplashProduct": false,
            "notAllowedB2b": false,
            "notAllowedAnonymous": false,
            "productLine2": "PREMIER, 1.5l",
            "pickupProductLine2": "PREMIER, 1.5l",
            "priceUnit": "kr/st",
            "priceNoUnit": "10,95",
            "savingsAmount": 1.9,
            "googleAnalyticsCategory": "dryck|vatten|vatten-stor",
            "gdprTrackingIncompliant": false,
            "nicotineMedicalProduct": false,
            "tobaccoFreeNicotineProduct": false,
            "nonEkoProduct": false,
            "precautionaryStatements": [],
            "hazards": [],
            "tobaccoProduct": false,
            "showGoodPriceIcon": true,
            "labels": [],
            "seoDescription": "",
            "seoTitle": "",
            "manufacturer": "Premier",
            "incrementValue": 1.0,
            "productBasketType": {
                "code": "ST",
                "type": "ProductBasketTypeEnum"
            },
            "bargainProduct": false,
            "addToCartMessage": "",
            "thumbnail": {
                "imageType": "PRIMARY",
                "format": "thumbnail",
                "url": "https://assets.axfood.se/image/upload/f_auto,t_100/07611612513968_C1N1_s03",
                "altText": null,
                "galleryIndex": null,
                "width": null
            },
            "outOfStock": false,
            "online": true,
            "displayVolume": "1.5l",
            "addToCartDisabled": false,
            "name": "Päron Kolsyrat Vatten Pet",
            "code": "101205994_ST"
        },
        {
            "potentialPromotions": [
                {
                    "threshold": null,
                    "applied": false,
                    "campaignType": "GENERAL",
                    "offerStatus": null,
                    "productCodes": [
                        "100430605_ST",
                        "100430623_ST",
                        "100430632_ST",
                        "100430641_ST",
                        "100430669_ST",
                        "100430678_ST",
                        "100430687_ST",
                        "100430749_ST",
                        "100430785_ST",
                        "101290100_ST"
                    ],
                    "promotionTheme": {
                        "code": "Z019",
                        "visible": null
                    },
                    "textLabelGenerated": "Alltid bra pris!",
                    "textLabelManual": null,
                    "lowestHistoricalPrice": null,
                    "price": {
                        "currencyIso": "SEK",
                        "value": 15.0,
                        "priceType": "BUY",
                        "formattedValue": "15,00 kr",
                        "minQuantity": null,
                        "maxQuantity": null
                    },
                    "promotionType": "MixMatchPricePromotion",
                    "conditionLabel": "2 för",
                    "rewardLabel": "30 kr",
                    "textLabel": "Alltid bra pris!",
                    "redeemLimitLabel": "",
                    "cartLabel": null,
                    "validUntil": null,
                    "timesUsed": null,
                    "qualifyingCount": 2,
                    "comparePrice": "25,00 kr",
                    "splashTitleText": "Alltid bra pris",
                    "realMixAndMatch": true,
                    "mainProductCode": "100430605_ST",
                    "conditionLabelFormatted": "",
                    "promotionRedeemLimit": null,
                    "promotionPercentage": null,
                    "cartLabelFormatted": "",
                    "priority": 208,
                    "code": "10009465312"
                }
            ],
            "inactivePotentialPromotions": [],
            "priceValue": 16.95,
            "price": "16,95 kr",
            "image": {
                "imageType": "PRIMARY",
                "format": "product",
                "url": "https://assets.axfood.se/image/upload/f_auto,t_200/07322550036005_C1R1_s01",
                "altText": null,
                "galleryIndex": null,
                "width": null
            },
            "ranking": 20.9110905099154,
            "depositPrice": "",
            "averageWeight": null,
            "comparePrice": "28,25 kr",
            "comparePriceUnit": "l",
            "isDrugProduct": false,
            "solrSearchScore": 0.7614262700080872,
            "energyDeclaration": null,
            "newsSplashProduct": false,
            "notAllowedB2b": false,
            "notAllowedAnonymous": false,
            "productLine2": "BLÅ BAND, 3p/6dl",
            "pickupProductLine2": "BLÅ BAND, 3p/6dl",
            "priceUnit": "kr/st",
            "priceNoUnit": "16,95",
            "savingsAmount": 3.9,
            "googleAnalyticsCategory": "skafferi|soppor-och-kramer|soppa",
            "gdprTrackingIncompliant": false,
            "nicotineMedicalProduct": false,
            "tobaccoFreeNicotineProduct": false,
            "nonEkoProduct": false,
            "precautionaryStatements": [],
            "hazards": [],
            "tobaccoProduct": false,
            "showGoodPriceIcon": true,
            "labels": [],
            "seoDescription": "",
            "seoTitle": "",
            "manufacturer": "Blå Band",
            "incrementValue": 1.0,
            "productBasketType": {
                "code": "ST",
                "type": "ProductBasketTypeEnum"
            },
            "bargainProduct": false,
            "addToCartMessage": "",
            "thumbnail": {
                "imageType": "PRIMARY",
                "format": "thumbnail",
                "url": "https://assets.axfood.se/image/upload/f_auto,t_100/07322550036005_C1R1_s01",
                "altText": null,
                "galleryIndex": null,
                "width": null
            },
            "outOfStock": false,
            "online": true,
            "displayVolume": "3p/6dl",
            "addToCartDisabled": false,
            "name": "Varma Koppen Räksoppa Pulver",
            "code": "100430605_ST"
        },
        {
            "potentialPromotions": [
                {
                    "threshold": null,
                    "applied": false,
                    "campaignType": "GENERAL",
                    "offerStatus": null,
                    "productCodes": [
                        "100301843_ST"
                    ],
                    "promotionTheme": {
                        "code": "Z019",
                        "visible": null
                    },
                    "textLabelGenerated": "Alltid bra pris!",
                    "textLabelManual": null,
                    "lowestHistoricalPrice": null,
                    "price": {
                        "currencyIso": "SEK",
                        "value": 17.5,
                        "priceType": "BUY",
                        "formattedValue": "17,50 kr",
                        "minQuantity": null,
                        "maxQuantity": null
                    },
                    "promotionType": "MixMatchPricePromotion",
                    "conditionLabel": "2 för",
                    "rewardLabel": "35 kr",
                    "textLabel": "Alltid bra pris!",
                    "redeemLimitLabel": "",
                    "cartLabel": null,
                    "validUntil": null,
                    "timesUsed": null,
                    "qualifyingCount": 2,
                    "comparePrice": "35,00 kr",
                    "splashTitleText": "Alltid bra pris",
                    "realMixAndMatch": false,
                    "mainProductCode": "100301843_ST",
                    "conditionLabelFormatted": "",
                    "promotionRedeemLimit": null,
                    "promotionPercentage": null,
                    "cartLabelFormatted": "",
                    "priority": 208,
                    "code": "10009465311"
                }
            ],
            "inactivePotentialPromotions": [],
            "priceValue": 18.95,
            "price": "18,95 kr",
            "image": {
                "imageType": "PRIMARY",
                "format": "product",
                "url": "https://assets.axfood.se/image/upload/f_auto,t_200/07310470061108_C1L1_s04",
                "altText": null,
                "galleryIndex": null,
                "width": null
            },
            "ranking": 20.9110905066386,
            "depositPrice": "",
            "averageWeight": null,
            "comparePrice": "37,90 kr",
            "comparePriceUnit": "l",
            "isDrugProduct": false,
            "solrSearchScore": 0.7614262700080872,
            "energyDeclaration": null,
            "newsSplashProduct": false,
            "notAllowedB2b": false,
            "notAllowedAnonymous": false,
            "productLine2": "EKSTRÖMS, 5dl",
            "pickupProductLine2": "EKSTRÖMS, 5dl",
            "priceUnit": "kr/st",
            "priceNoUnit": "18,95",
            "savingsAmount": 2.9,
            "googleAnalyticsCategory": "skafferi|dessert-och-glasstillbehor|dessert",
            "gdprTrackingIncompliant": false,
            "nicotineMedicalProduct": false,
            "tobaccoFreeNicotineProduct": false,
            "nonEkoProduct": false,
            "precautionaryStatements": [],
            "hazards": [],
            "tobaccoProduct": false,
            "showGoodPriceIcon": true,
            "labels": [],
            "seoDescription": "",
            "seoTitle": "",
            "manufacturer": "Ekströms",
            "incrementValue": 1.0,
            "productBasketType": {
                "code": "ST",
                "type": "ProductBasketTypeEnum"
            },
            "bargainProduct": false,
            "addToCartMessage": "",
            "thumbnail": {
                "imageType": "PRIMARY",
                "format": "thumbnail",
                "url": "https://assets.axfood.se/image/upload/f_auto,t_100/07310470061108_C1L1_s04",
                "altText": null,
                "galleryIndex": null,
                "width": null
            },
            "outOfStock": false,
            "online": true,
            "displayVolume": "5dl",
            "addToCartDisabled": false,
            "name": "Vaniljsås Färdig",
            "code": "100301843_ST"
        },
        {
            "potentialPromotions": [
                {
                    "threshold": null,
                    "applied": false,
                    "campaignType": "GENERAL",
                    "offerStatus": null,
                    "productCodes": [
                        "101339965_ST",
                        "101339966_ST"
                    ],
                    "promotionTheme": {
                        "code": "Z019",
                        "visible": null
                    },
                    "textLabelGenerated": "Alltid bra pris!",
                    "textLabelManual": null,
                    "lowestHistoricalPrice": null,
                    "price": {
                        "currencyIso": "SEK",
                        "value": 19.0,
                        "priceType": "BUY",
                        "formattedValue": "19,00 kr",
                        "minQuantity": null,
                        "maxQuantity": null
                    },
                    "promotionType": "MixMatchPricePromotion",
                    "conditionLabel": "2 för",
                    "rewardLabel": "38 kr",
                    "textLabel": "Alltid bra pris!",
                    "redeemLimitLabel": "",
                    "cartLabel": null,
                    "validUntil": null,
                    "timesUsed": null,
                    "qualifyingCount": 2,
                    "comparePrice": "25,33 kr",
                    "splashTitleText": "Alltid bra pris",
                    "realMixAndMatch": true,
                    "mainProductCode": "101339965_ST",
                    "conditionLabelFormatted": "",
                    "promotionRedeemLimit": null,
                    "promotionPercentage": null,
                    "cartLabelFormatted": "",
                    "priority": 208,
                    "code": "10009465310"
                }
            ],
            "inactivePotentialPromotions": [],
            "priceValue": 22.95,
            "price": "22,95 kr",
            "image": {
                "imageType": "PRIMARY",
                "format": "product",
                "url": "https://assets.axfood.se/image/upload/f_auto,t_200/07340083489372_C1N1_s01",
                "altText": null,
                "galleryIndex": null,
                "width": null
            },
            "ranking": 20.911090503361798,
            "depositPrice": "",
            "averageWeight": null,
            "comparePrice": "30,60 kr",
            "comparePriceUnit": "l",
            "isDrugProduct": false,
            "solrSearchScore": 0.7614262700080872,
            "energyDeclaration": null,
            "newsSplashProduct": false,
            "notAllowedB2b": false,
            "notAllowedAnonymous": false,
            "productLine2": "MEVOLUTION, 750ml",
            "pickupProductLine2": "MEVOLUTION, 750ml",
            "priceUnit": "kr/st",
            "priceNoUnit": "22,95",
            "savingsAmount": 7.9,
            "googleAnalyticsCategory": "halsa-och-skonhet|kroppsvard|tval",
            "gdprTrackingIncompliant": false,
            "nicotineMedicalProduct": false,
            "tobaccoFreeNicotineProduct": false,
            "nonEkoProduct": false,
            "precautionaryStatements": [],
            "hazards": [],
            "tobaccoProduct": false,
            "showGoodPriceIcon": true,
            "labels": [],
            "seoDescription": "",
            "seoTitle": "",
            "manufacturer": "Mevolution",
            "incrementValue": 1.0,
            "productBasketType": {
                "code": "ST",
                "type": "ProductBasketTypeEnum"
            },
            "bargainProduct": false,
            "addToCartMessage": "",
            "thumbnail": {
                "imageType": "PRIMARY",
                "format": "thumbnail",
                "url": "https://assets.axfood.se/image/upload/f_auto,t_100/07340083489372_C1N1_s01",
                "altText": null,
                "galleryIndex": null,
                "width": null
            },
            "outOfStock": false,
            "online": true,
            "displayVolume": "750ml",
            "addToCartDisabled": false,
            "name": "Casablanca Woods Refill Handtvål",
            "code": "101339965_ST"
        },
        {
            "potentialPromotions": [
                {
                    "threshold": null,
                    "applied": false,
                    "campaignType": "GENERAL",
                    "offerStatus": null,
                    "productCodes": [
                        "100017688_ST",
                        "100018231_ST",
                        "100018286_ST",
                        "100018419_ST",
                        "100374239_ST",
                        "100996022_ST",
                        "101719683_ST"
                    ],
                    "promotionTheme": {
                        "code": "Z019",
                        "visible": null
                    },
                    "textLabelGenerated": "Alltid bra pris!",
                    "textLabelManual": null,
                    "lowestHistoricalPrice": null,
                    "price": {
                        "currencyIso": "SEK",
                        "value": 4.0,
                        "priceType": "BUY",
                        "formattedValue": "4,00 kr",
                        "minQuantity": null,
                        "maxQuantity": null
                    },
                    "promotionType": "MixMatchPricePromotion",
                    "conditionLabel": "3 för",
                    "rewardLabel": "12 kr",
                    "textLabel": "Alltid bra pris!",
                    "redeemLimitLabel": "",
                    "cartLabel": null,
                    "validUntil": null,
                    "timesUsed": null,
                    "qualifyingCount": 3,
                    "comparePrice": "148,15 kr",
                    "splashTitleText": "Alltid bra pris",
                    "realMixAndMatch": true,
                    "mainProductCode": "100017688_ST",
                    "conditionLabelFormatted": "",
                    "promotionRedeemLimit": null,
                    "promotionPercentage": null,
                    "cartLabelFormatted": "",
                    "priority": 208,
                    "code": "10009465309"
                }
            ],
            "inactivePotentialPromotions": [],
            "priceValue": 5.95,
            "price": "5,95 kr",
            "image": {
                "imageType": "PRIMARY",
                "format": "product",
                "url": "https://assets.axfood.se/image/upload/f_auto,t_200/00000057402376_C1N1_s01",
                "altText": null,
                "galleryIndex": null,
                "width": null
            },
            "ranking": 20.911090500085,
            "depositPrice": "",
            "averageWeight": null,
            "comparePrice": "220,37 kr",
            "comparePriceUnit": "kg",
            "isDrugProduct": false,
            "solrSearchScore": 0.7614262700080872,
            "energyDeclaration": null,
            "newsSplashProduct": false,
            "notAllowedB2b": false,
            "notAllowedAnonymous": false,
            "productLine2": "TOMS, 27g",
            "pickupProductLine2": "TOMS, 27g",
            "priceUnit": "kr/st",
            "priceNoUnit": "5,95",
            "savingsAmount": 5.85,
            "googleAnalyticsCategory": "godis-snacks-och-glass|godis|godispasar",
            "gdprTrackingIncompliant": false,
            "nicotineMedicalProduct": false,
            "tobaccoFreeNicotineProduct": false,
            "nonEkoProduct": false,
            "precautionaryStatements": [],
            "hazards": [],
            "tobaccoProduct": false,
            "showGoodPriceIcon": true,
            "labels": [],
            "seoDescription": "",
            "seoTitle": "",
            "manufacturer": "Toms",
            "incrementValue": 1.0,
            "productBasketType": {
                "code": "ST",
                "type": "ProductBasketTypeEnum"
            },
            "bargainProduct": false,
            "addToCartMessage": "",
            "thumbnail": {
                "imageType": "PRIMARY",
                "format": "thumbnail",
                "url": "https://assets.axfood.se/image/upload/f_auto,t_100/00000057402376_C1N1_s01",
                "altText": null,
                "galleryIndex": null,
                "width": null
            },
            "outOfStock": false,
            "online": true,
            "displayVolume": "27g",
            "addToCartDisabled": false,
            "name": "Mintstång",
            "code": "100017688_ST"
        },
        {
            "potentialPromotions": [
                {
                    "threshold": null,
                    "applied": false,
                    "campaignType": "GENERAL",
                    "offerStatus": null,
                    "productCodes": [
                        "101475566_ST",
                        "101517164_ST"
                    ],
                    "promotionTheme": {
                        "code": "Z019",
                        "visible": null
                    },
                    "textLabelGenerated": "Alltid bra pris!",
                    "textLabelManual": null,
                    "lowestHistoricalPrice": null,
                    "price": {
                        "currencyIso": "SEK",
                        "value": 35.0,
                        "priceType": "BUY",
                        "formattedValue": "35,00 kr",
                        "minQuantity": null,
                        "maxQuantity": null
                    },
                    "promotionType": "MixMatchPricePromotion",
                    "conditionLabel": "2 för",
                    "rewardLabel": "70 kr",
                    "textLabel": "Alltid bra pris!",
                    "redeemLimitLabel": "",
                    "cartLabel": null,
                    "validUntil": null,
                    "timesUsed": null,
                    "qualifyingCount": 2,
                    "comparePrice": "61,30 kr",
                    "splashTitleText": "Alltid bra pris",
                    "realMixAndMatch": true,
                    "mainProductCode": "101475566_ST",
                    "conditionLabelFormatted": "",
                    "promotionRedeemLimit": null,
                    "promotionPercentage": null,
                    "cartLabelFormatted": "",
                    "priority": 208,
                    "code": "10009465308"
                }
            ],
            "inactivePotentialPromotions": [],
            "priceValue": 36.95,
            "price": "36,95 kr",
            "image": {
                "imageType": "PRIMARY",
                "format": "product",
                "url": "https://assets.axfood.se/image/upload/f_auto,t_200/07311043002009_C1L1_s02",
                "altText": null,
                "galleryIndex": null,
                "width": null
            },
            "ranking": 20.9110904968082,
            "depositPrice": "",
            "averageWeight": null,
            "comparePrice": "64,71 kr",
            "comparePriceUnit": "kg",
            "isDrugProduct": false,
            "solrSearchScore": 0.7614262700080872,
            "energyDeclaration": null,
            "newsSplashProduct": false,
            "notAllowedB2b": false,
            "notAllowedAnonymous": false,
            "productLine2": "FIXA, 4p",
            "pickupProductLine2": "FIXA, 4p",
            "priceUnit": "kr/st",
            "priceNoUnit": "36,95",
            "savingsAmount": 3.9,
            "googleAnalyticsCategory": "hem-och-hushall|toalett-och-hushallspapper|hushallspapper",
            "gdprTrackingIncompliant": false,
            "nicotineMedicalProduct": false,
            "tobaccoFreeNicotineProduct": false,
            "nonEkoProduct": false,
            "precautionaryStatements": [],
            "hazards": [],
            "tobaccoProduct": false,
            "showGoodPriceIcon": true,
            "labels": [
                "swan",
                "environmental_facet"
            ],
            "seoDescription": "",
            "seoTitle": "",
            "manufacturer": "Fixa",
            "incrementValue": 1.0,
            "productBasketType": {
                "code": "ST",
                "type": "ProductBasketTypeEnum"
            },
            "bargainProduct": false,
            "addToCartMessage": "",
            "thumbnail": {
                "imageType": "PRIMARY",
                "format": "thumbnail",
                "url": "https://assets.axfood.se/image/upload/f_auto,t_100/07311043002009_C1L1_s02",
                "altText": null,
                "galleryIndex": null,
                "width": null
            },
            "outOfStock": false,
            "online": true,
            "displayVolume": "4p",
            "addToCartDisabled": false,
            "name": "Hushållspapper",
            "code": "101475566_ST"
        },
        {
            "potentialPromotions": [
                {
                    "threshold": null,
                    "applied": false,
                    "campaignType": "GENERAL",
                    "offerStatus": null,
                    "productCodes": [
                        "101542359_ST",
                        "101590368_ST",
                        "101590370_ST",
                        "101590372_ST"
                    ],
                    "promotionTheme": {
                        "code": "Z019",
                        "visible": null
                    },
                    "textLabelGenerated": "Alltid bra pris!",
                    "textLabelManual": null,
                    "lowestHistoricalPrice": null,
                    "price": {
                        "currencyIso": "SEK",
                        "value": 15.0,
                        "priceType": "BUY",
                        "formattedValue": "15,00 kr",
                        "minQuantity": null,
                        "maxQuantity": null
                    },
                    "promotionType": "MixMatchPricePromotion",
                    "conditionLabel": "2 för",
                    "rewardLabel": "30 kr",
                    "textLabel": "Alltid bra pris!",
                    "redeemLimitLabel": "",
                    "cartLabel": null,
                    "validUntil": null,
                    "timesUsed": null,
                    "qualifyingCount": 2,
                    "comparePrice": "120,00 kr",
                    "splashTitleText": "Alltid bra pris",
                    "realMixAndMatch": true,
                    "mainProductCode": "101542359_ST",
                    "conditionLabelFormatted": "",
                    "promotionRedeemLimit": null,
                    "promotionPercentage": null,
                    "cartLabelFormatted": "",
                    "priority": 208,
                    "code": "10009465307"
                }
            ],
            "inactivePotentialPromotions": [],
            "priceValue": 16.95,
            "price": "16,95 kr",
            "image": {
                "imageType": "PRIMARY",
                "format": "product",
                "url": "https://assets.axfood.se/image/upload/f_auto,t_200/07311043006489_C1N1_s02",
                "altText": null,
                "galleryIndex": null,
                "width": null
            },
            "ranking": 20.9110904935314,
            "depositPrice": "",
            "averageWeight": null,
            "comparePrice": "135,60 kr",
            "comparePriceUnit": "l",
            "isDrugProduct": false,
            "solrSearchScore": 0.7614262700080872,
            "energyDeclaration": null,
            "newsSplashProduct": false,
            "notAllowedB2b": false,
            "notAllowedAnonymous": false,
            "productLine2": "MEVOLUTION, 125ml",
            "pickupProductLine2": "MEVOLUTION, 125ml",
            "priceUnit": "kr/st",
            "priceNoUnit": "16,95",
            "savingsAmount": 3.9,
            "googleAnalyticsCategory": "halsa-och-skonhet|munvard|tandkram",
            "gdprTrackingIncompliant": false,
            "nicotineMedicalProduct": false,
            "tobaccoFreeNicotineProduct": false,
            "nonEkoProduct": false,
            "precautionaryStatements": [],
            "hazards": [],
            "tobaccoProduct": false,
            "showGoodPriceIcon": true,
            "labels": [],
            "seoDescription": "",
            "seoTitle": "",
            "manufacturer": "Mevolution",
            "incrementValue": 1.0,
            "productBasketType": {
                "code": "ST",
                "type": "ProductBasketTypeEnum"
            },
            "bargainProduct": false,
            "addToCartMessage": "",
            "thumbnail": {
                "imageType": "PRIMARY",
                "format": "thumbnail",
                "url": "https://assets.axfood.se/image/upload/f_auto,t_100/07311043006489_C1N1_s02",
                "altText": null,
                "galleryIndex": null,
                "width": null
            },
            "outOfStock": false,
            "online": true,
            "displayVolume": "125ml",
            "addToCartDisabled": false,
            "name": "Keep It Clean Original Tandkräm",
            "code": "101542359_ST"
        },
        {
            "potentialPromotions": [
                {
                    "threshold": null,
                    "applied": false,
                    "campaignType": "GENERAL",
                    "offerStatus": null,
                    "productCodes": [
                        "101284927_ST",
                        "101284948_ST",
                        "101284949_ST"
                    ],
                    "promotionTheme": {
                        "code": "Z019",
                        "visible": null
                    },
                    "textLabelGenerated": "Alltid bra pris!",
                    "textLabelManual": null,
                    "lowestHistoricalPrice": null,
                    "price": {
                        "currencyIso": "SEK",
                        "value": 12.5,
                        "priceType": "BUY",
                        "formattedValue": "12,50 kr",
                        "minQuantity": null,
                        "maxQuantity": null
                    },
                    "promotionType": "MixMatchPricePromotion",
                    "conditionLabel": "2 för",
                    "rewardLabel": "25 kr",
                    "textLabel": "Alltid bra pris!",
                    "redeemLimitLabel": "",
                    "cartLabel": null,
                    "validUntil": null,
                    "timesUsed": null,
                    "qualifyingCount": 2,
                    "comparePrice": "62,50 kr",
                    "splashTitleText": "Alltid bra pris",
                    "realMixAndMatch": true,
                    "mainProductCode": "101284927_ST",
                    "conditionLabelFormatted": "",
                    "promotionRedeemLimit": null,
                    "promotionPercentage": null,
                    "cartLabelFormatted": "",
                    "priority": 208,
                    "code": "10009465306"
                }
            ],
            "inactivePotentialPromotions": [],
            "priceValue": 14.95,
            "price": "14,95 kr",
            "image": {
                "imageType": "PRIMARY",
                "format": "product",
                "url": "https://assets.axfood.se/image/upload/f_auto,t_200/07340083468070_C1N1_s01",
                "altText": null,
                "galleryIndex": null,
                "width": null
            },
            "ranking": 20.9110904902546,
            "depositPrice": "",
            "averageWeight": null,
            "comparePrice": "74,75 kr",
            "comparePriceUnit": "kg",
            "isDrugProduct": false,
            "solrSearchScore": 0.7614262700080872,
            "energyDeclaration": null,
            "newsSplashProduct": false,
            "notAllowedB2b": false,
            "notAllowedAnonymous": false,
            "productLine2": "GARANT, 200g",
            "pickupProductLine2": "GARANT, 200g",
            "priceUnit": "kr/st",
            "priceNoUnit": "14,95",
            "savingsAmount": 4.9,
            "googleAnalyticsCategory": "skafferi|texmex|tacoskal-och-brod",
            "gdprTrackingIncompliant": false,
            "nicotineMedicalProduct": false,
            "tobaccoFreeNicotineProduct": false,
            "nonEkoProduct": false,
            "precautionaryStatements": [],
            "hazards": [],
            "tobaccoProduct": false,
            "showGoodPriceIcon": true,
            "labels": [],
            "seoDescription": "",
            "seoTitle": "",
            "manufacturer": "Garant",
            "incrementValue": 1.0,
            "productBasketType": {
                "code": "ST",
                "type": "ProductBasketTypeEnum"
            },
            "bargainProduct": false,
            "addToCartMessage": "",
            "thumbnail": {
                "imageType": "PRIMARY",
                "format": "thumbnail",
                "url": "https://assets.axfood.se/image/upload/f_auto,t_100/07340083468070_C1N1_s01",
                "altText": null,
                "galleryIndex": null,
                "width": null
            },
            "outOfStock": false,
            "online": true,
            "displayVolume": "200g",
            "addToCartDisabled": false,
            "name": "Tortillachips Havssalt",
            "code": "101284927_ST"
        },
        {
            "potentialPromotions": [
                {
                    "threshold": null,
                    "applied": false,
                    "campaignType": "GENERAL",
                    "offerStatus": null,
                    "productCodes": [
                        "101544831_ST"
                    ],
                    "promotionTheme": {
                        "code": "Z019",
                        "visible": null
                    },
                    "textLabelGenerated": "Alltid bra pris!",
                    "textLabelManual": null,
                    "lowestHistoricalPrice": null,
                    "price": {
                        "currencyIso": "SEK",
                        "value": 9.0,
                        "priceType": "BUY",
                        "formattedValue": "9,00 kr",
                        "minQuantity": null,
                        "maxQuantity": null
                    },
                    "promotionType": "MixMatchPricePromotion",
                    "conditionLabel": "3 för",
                    "rewardLabel": "27 kr",
                    "textLabel": "Alltid bra pris!",
                    "redeemLimitLabel": "",
                    "cartLabel": null,
                    "validUntil": null,
                    "timesUsed": null,
                    "qualifyingCount": 3,
                    "comparePrice": "90,00 kr",
                    "splashTitleText": "Alltid bra pris",
                    "realMixAndMatch": false,
                    "mainProductCode": "101544831_ST",
                    "conditionLabelFormatted": "",
                    "promotionRedeemLimit": null,
                    "promotionPercentage": null,
                    "cartLabelFormatted": "",
                    "priority": 208,
                    "code": "10009465305"
                }
            ],
            "inactivePotentialPromotions": [],
            "priceValue": 10.95,
            "price": "10,95 kr",
            "image": {
                "imageType": "PRIMARY",
                "format": "product",
                "url": "https://assets.axfood.se/image/upload/f_auto,t_200/04770190161046_C1N1_s01",
                "altText": null,
                "galleryIndex": null,
                "width": null
            },
            "ranking": 20.9110904869778,
            "depositPrice": "",
            "averageWeight": null,
            "comparePrice": "109,50 kr",
            "comparePriceUnit": "kg",
            "isDrugProduct": false,
            "solrSearchScore": 0.7614262700080872,
            "energyDeclaration": null,
            "newsSplashProduct": false,
            "notAllowedB2b": false,
            "notAllowedAnonymous": false,
            "productLine2": "VICI, 100g",
            "pickupProductLine2": "VICI, 100g",
            "priceUnit": "kr/st",
            "priceNoUnit": "10,95",
            "savingsAmount": 5.85,
            "googleAnalyticsCategory": "fryst|fisk-och-skaldjur|skaldjur-och-havsdelikatesser",
            "gdprTrackingIncompliant": false,
            "nicotineMedicalProduct": false,
            "tobaccoFreeNicotineProduct": false,
            "nonEkoProduct": true,
            "precautionaryStatements": [],
            "hazards": [],
            "tobaccoProduct": false,
            "showGoodPriceIcon": true,
            "labels": [
                "msc_fish",
                "environmental_facet"
            ],
            "seoDescription": "",
            "seoTitle": "",
            "manufacturer": "Vici",
            "incrementValue": 1.0,
            "productBasketType": {
                "code": "ST",
                "type": "ProductBasketTypeEnum"
            },
            "bargainProduct": false,
            "addToCartMessage": "",
            "thumbnail": {
                "imageType": "PRIMARY",
                "format": "thumbnail",
                "url": "https://assets.axfood.se/image/upload/f_auto,t_100/04770190161046_C1N1_s01",
                "altText": null,
                "galleryIndex": null,
                "width": null
            },
            "outOfStock": false,
            "online": true,
            "displayVolume": "100g",
            "addToCartDisabled": false,
            "name": "Surimisticks",
            "code": "101544831_ST"
        },
        {
            "potentialPromotions": [
                {
                    "threshold": null,
                    "applied": false,
                    "campaignType": "GENERAL",
                    "offerStatus": null,
                    "productCodes": [
                        "101578474_ST",
                        "101578475_ST",
                        "101578492_ST",
                        "101578494_ST",
                        "101578503_ST"
                    ],
                    "promotionTheme": {
                        "code": "Z019",
                        "visible": null
                    },
                    "textLabelGenerated": "Alltid bra pris!",
                    "textLabelManual": null,
                    "lowestHistoricalPrice": null,
                    "price": {
                        "currencyIso": "SEK",
                        "value": 17.5,
                        "priceType": "BUY",
                        "formattedValue": "17,50 kr",
                        "minQuantity": null,
                        "maxQuantity": null
                    },
                    "promotionType": "MixMatchPricePromotion",
                    "conditionLabel": "2 för",
                    "rewardLabel": "35 kr",
                    "textLabel": "Alltid bra pris!",
                    "redeemLimitLabel": "",
                    "cartLabel": null,
                    "validUntil": null,
                    "timesUsed": null,
                    "qualifyingCount": 2,
                    "comparePrice": "0,25 kr",
                    "splashTitleText": "Alltid bra pris",
                    "realMixAndMatch": true,
                    "mainProductCode": "101353276_ST",
                    "conditionLabelFormatted": "",
                    "promotionRedeemLimit": null,
                    "promotionPercentage": null,
                    "cartLabelFormatted": "",
                    "priority": 208,
                    "code": "10009465304"
                }
            ],
            "inactivePotentialPromotions": [],
            "priceValue": 19.95,
            "price": "19,95 kr",
            "image": {
                "imageType": "PRIMARY",
                "format": "product",
                "url": "https://assets.axfood.se/image/upload/f_auto,t_200/07311043010042_C1N1_s01",
                "altText": null,
                "galleryIndex": null,
                "width": null
            },
            "ranking": 20.911090483701,
            "depositPrice": "",
            "averageWeight": null,
            "comparePrice": "0,29 kr",
            "comparePriceUnit": "st",
            "isDrugProduct": false,
            "solrSearchScore": 0.7614262700080872,
            "energyDeclaration": null,
            "newsSplashProduct": false,
            "notAllowedB2b": false,
            "notAllowedAnonymous": false,
            "productLine2": "ELDORADO, 70p",
            "pickupProductLine2": "ELDORADO, 70p",
            "priceUnit": "kr/st",
            "priceNoUnit": "19,95",
            "savingsAmount": 4.9,
            "googleAnalyticsCategory": "hem-och-hushall|stad|rengoringsmedel",
            "gdprTrackingIncompliant": false,
            "nicotineMedicalProduct": false,
            "tobaccoFreeNicotineProduct": false,
            "nonEkoProduct": false,
            "precautionaryStatements": [],
            "hazards": [],
            "tobaccoProduct": false,
            "showGoodPriceIcon": true,
            "labels": [
                "environmental_choice",
                "environmental_facet"
            ],
            "seoDescription": "",
            "seoTitle": "",
            "manufacturer": "Eldorado",
            "incrementValue": 1.0,
            "productBasketType": {
                "code": "ST",
                "type": "ProductBasketTypeEnum"
            },
            "bargainProduct": false,
            "addToCartMessage": "",
            "thumbnail": {
                "imageType": "PRIMARY",
                "format": "thumbnail",
                "url": "https://assets.axfood.se/image/upload/f_auto,t_100/07311043010042_C1N1_s01",
                "altText": null,
                "galleryIndex": null,
                "width": null
            },
            "outOfStock": false,
            "online": true,
            "displayVolume": "70p",
            "addToCartDisabled": false,
            "name": "Köksrengöring Städservett Rengöring",
            "code": "101578474_ST"
        },
        {
            "potentialPromotions": [
                {
                    "threshold": null,
                    "applied": false,
                    "campaignType": "GENERAL",
                    "offerStatus": null,
                    "productCodes": [
                        "100059393_ST",
                        "100189378_ST",
                        "100482229_ST",
                        "100482265_ST",
                        "100482292_ST",
                        "100482390_ST",
                        "100622881_ST",
                        "100891634_ST",
                        "101283057_ST",
                        "101341045_ST",
                        "101366259_ST",
                        "101719898_ST"
                    ],
                    "promotionTheme": {
                        "code": "Z019",
                        "visible": null
                    },
                    "textLabelGenerated": "Alltid bra pris!",
                    "textLabelManual": null,
                    "lowestHistoricalPrice": null,
                    "price": {
                        "currencyIso": "SEK",
                        "value": 12.5,
                        "priceType": "BUY",
                        "formattedValue": "12,50 kr",
                        "minQuantity": null,
                        "maxQuantity": null
                    },
                    "promotionType": "MixMatchPricePromotion",
                    "conditionLabel": "2 för",
                    "rewardLabel": "25 kr",
                    "textLabel": "Alltid bra pris!",
                    "redeemLimitLabel": "",
                    "cartLabel": null,
                    "validUntil": null,
                    "timesUsed": null,
                    "qualifyingCount": 2,
                    "comparePrice": "271,74 kr",
                    "splashTitleText": "Alltid bra pris",
                    "realMixAndMatch": true,
                    "mainProductCode": "100059393_ST",
                    "conditionLabelFormatted": "",
                    "promotionRedeemLimit": null,
                    "promotionPercentage": null,
                    "cartLabelFormatted": "",
                    "priority": 208,
                    "code": "10009465303"
                }
            ],
            "inactivePotentialPromotions": [],
            "priceValue": 15.95,
            "price": "15,95 kr",
            "image": {
                "imageType": "PRIMARY",
                "format": "product",
                "url": "https://assets.axfood.se/image/upload/f_auto,t_200/07622201047764_C1N1_s02",
                "altText": null,
                "galleryIndex": null,
                "width": null
            },
            "ranking": 20.9110904804242,
            "depositPrice": "",
            "averageWeight": null,
            "comparePrice": "346,74 kr",
            "comparePriceUnit": "kg",
            "isDrugProduct": false,
            "solrSearchScore": 0.7614262700080872,
            "energyDeclaration": null,
            "newsSplashProduct": false,
            "notAllowedB2b": false,
            "notAllowedAnonymous": false,
            "productLine2": "MARABOU, 46g",
            "pickupProductLine2": "MARABOU, 46g",
            "priceUnit": "kr/st",
            "priceNoUnit": "15,95",
            "savingsAmount": 6.9,
            "googleAnalyticsCategory": "godis-snacks-och-glass|choklad|chokladgodis",
            "gdprTrackingIncompliant": false,
            "nicotineMedicalProduct": false,
            "tobaccoFreeNicotineProduct": false,
            "nonEkoProduct": false,
            "precautionaryStatements": [],
            "hazards": [],
            "tobaccoProduct": false,
            "showGoodPriceIcon": true,
            "labels": [],
            "seoDescription": "",
            "seoTitle": "",
            "manufacturer": "Marabou",
            "incrementValue": 1.0,
            "productBasketType": {
                "code": "ST",
                "type": "ProductBasketTypeEnum"
            },
            "bargainProduct": false,
            "addToCartMessage": "",
            "thumbnail": {
                "imageType": "PRIMARY",
                "format": "thumbnail",
                "url": "https://assets.axfood.se/image/upload/f_auto,t_100/07622201047764_C1N1_s02",
                "altText": null,
                "galleryIndex": null,
                "width": null
            },
            "outOfStock": false,
            "online": true,
            "displayVolume": "46g",
            "addToCartDisabled": false,
            "name": "Fransk Nougat Dubbel",
            "code": "100059393_ST"
        },
        {
            "potentialPromotions": [
                {
                    "threshold": null,
                    "applied": false,
                    "campaignType": "GENERAL",
                    "offerStatus": null,
                    "productCodes": [
                        "101255722_ST"
                    ],
                    "promotionTheme": {
                        "code": "Z019",
                        "visible": null
                    },
                    "textLabelGenerated": "Alltid bra pris!",
                    "textLabelManual": null,
                    "lowestHistoricalPrice": null,
                    "price": {
                        "currencyIso": "SEK",
                        "value": 19.5,
                        "priceType": "BUY",
                        "formattedValue": "19,50 kr",
                        "minQuantity": null,
                        "maxQuantity": null
                    },
                    "promotionType": "MixMatchPricePromotion",
                    "conditionLabel": "2 för",
                    "rewardLabel": "39 kr",
                    "textLabel": "Alltid bra pris!",
                    "redeemLimitLabel": "",
                    "cartLabel": null,
                    "validUntil": null,
                    "timesUsed": null,
                    "qualifyingCount": 2,
                    "comparePrice": "0,78 kr",
                    "splashTitleText": "Alltid bra pris",
                    "realMixAndMatch": false,
                    "mainProductCode": "101255722_ST",
                    "conditionLabelFormatted": "",
                    "promotionRedeemLimit": null,
                    "promotionPercentage": null,
                    "cartLabelFormatted": "",
                    "priority": 208,
                    "code": "10009465302"
                }
            ],
            "inactivePotentialPromotions": [],
            "priceValue": 22.5,
            "price": "22,50 kr",
            "image": {
                "imageType": "PRIMARY",
                "format": "product",
                "url": "https://assets.axfood.se/image/upload/f_auto,t_200/07340083452468_C1L1_s01",
                "altText": null,
                "galleryIndex": null,
                "width": null
            },
            "ranking": 20.9110904771474,
            "depositPrice": "",
            "averageWeight": null,
            "comparePrice": "0,90 kr",
            "comparePriceUnit": "st",
            "isDrugProduct": false,
            "solrSearchScore": 0.7614262700080872,
            "energyDeclaration": null,
            "newsSplashProduct": false,
            "notAllowedB2b": false,
            "notAllowedAnonymous": false,
            "productLine2": "FIXA, 25st",
            "pickupProductLine2": "FIXA, 25st",
            "priceUnit": "kr/st",
            "priceNoUnit": "22,50",
            "savingsAmount": 6.0,
            "googleAnalyticsCategory": "hem-och-hushall|stad|stadutrustning",
            "gdprTrackingIncompliant": false,
            "nicotineMedicalProduct": false,
            "tobaccoFreeNicotineProduct": false,
            "nonEkoProduct": false,
            "precautionaryStatements": [],
            "hazards": [],
            "tobaccoProduct": false,
            "showGoodPriceIcon": true,
            "labels": [],
            "seoDescription": "",
            "seoTitle": "",
            "manufacturer": "Fixa",
            "incrementValue": 1.0,
            "productBasketType": {
                "code": "ST",
                "type": "ProductBasketTypeEnum"
            },
            "bargainProduct": false,
            "addToCartMessage": "",
            "thumbnail": {
                "imageType": "PRIMARY",
                "format": "thumbnail",
                "url": "https://assets.axfood.se/image/upload/f_auto,t_100/07340083452468_C1L1_s01",
                "altText": null,
                "galleryIndex": null,
                "width": null
            },
            "outOfStock": false,
            "online": true,
            "displayVolume": "25st",
            "addToCartDisabled": false,
            "name": "Avfallspåse Vit 30l",
            "code": "101255722_ST"
        },
        {
            "potentialPromotions": [
                {
                    "threshold": null,
                    "applied": false,
                    "campaignType": "GENERAL",
                    "offerStatus": null,
                    "productCodes": [
                        "101224743_ST",
                        "101224744_ST",
                        "101224745_ST",
                        "101224746_ST",
                        "101224748_ST",
                        "101224749_ST"
                    ],
                    "promotionTheme": {
                        "code": "Z019",
                        "visible": null
                    },
                    "textLabelGenerated": "Alltid bra pris!",
                    "textLabelManual": null,
                    "lowestHistoricalPrice": null,
                    "price": {
                        "currencyIso": "SEK",
                        "value": 16.0,
                        "priceType": "BUY",
                        "formattedValue": "16,00 kr",
                        "minQuantity": null,
                        "maxQuantity": null
                    },
                    "promotionType": "MixMatchPricePromotion",
                    "conditionLabel": "2 för",
                    "rewardLabel": "32 kr",
                    "textLabel": "Alltid bra pris!",
                    "redeemLimitLabel": "",
                    "cartLabel": null,
                    "validUntil": null,
                    "timesUsed": null,
                    "qualifyingCount": 2,
                    "comparePrice": "0,23 kr",
                    "splashTitleText": "Alltid bra pris",
                    "realMixAndMatch": true,
                    "mainProductCode": "101224743_ST",
                    "conditionLabelFormatted": "",
                    "promotionRedeemLimit": null,
                    "promotionPercentage": null,
                    "cartLabelFormatted": "",
                    "priority": 208,
                    "code": "10009465300"
                }
            ],
            "inactivePotentialPromotions": [],
            "priceValue": 18.95,
            "price": "18,95 kr",
            "image": {
                "imageType": "PRIMARY",
                "format": "product",
                "url": "https://assets.axfood.se/image/upload/f_auto,t_200/07340083436321_C1L1_s04",
                "altText": null,
                "galleryIndex": null,
                "width": null
            },
            "ranking": 20.9110904738706,
            "depositPrice": "",
            "averageWeight": null,
            "comparePrice": "0,27 kr",
            "comparePriceUnit": "st",
            "isDrugProduct": false,
            "solrSearchScore": 0.7614262700080872,
            "energyDeclaration": null,
            "newsSplashProduct": false,
            "notAllowedB2b": false,
            "notAllowedAnonymous": false,
            "productLine2": "FIXA, 70p",
            "pickupProductLine2": "FIXA, 70p",
            "priceUnit": "kr/st",
            "priceNoUnit": "18,95",
            "savingsAmount": 5.9,
            "googleAnalyticsCategory": "hem-och-hushall|hem-och-inredning|matforvaring",
            "gdprTrackingIncompliant": false,
            "nicotineMedicalProduct": false,
            "tobaccoFreeNicotineProduct": false,
            "nonEkoProduct": false,
            "precautionaryStatements": [],
            "hazards": [],
            "tobaccoProduct": false,
            "showGoodPriceIcon": true,
            "labels": [],
            "seoDescription": "",
            "seoTitle": "",
            "manufacturer": "Fixa",
            "incrementValue": 1.0,
            "productBasketType": {
                "code": "ST",
                "type": "ProductBasketTypeEnum"
            },
            "bargainProduct": false,
            "addToCartMessage": "",
            "thumbnail": {
                "imageType": "PRIMARY",
                "format": "thumbnail",
                "url": "https://assets.axfood.se/image/upload/f_auto,t_100/07340083436321_C1L1_s04",
                "altText": null,
                "galleryIndex": null,
                "width": null
            },
            "outOfStock": false,
            "online": true,
            "displayVolume": "70p",
            "addToCartDisabled": false,
            "name": "Fryspåsar 1l",
            "code": "101224743_ST"
        },
        {
            "potentialPromotions": [
                {
                    "threshold": null,
                    "applied": false,
                    "campaignType": "GENERAL",
                    "offerStatus": null,
                    "productCodes": [
                        "101339963_ST",
                        "101339964_ST",
                        "101436104_ST",
                        "101554148_ST"
                    ],
                    "promotionTheme": {
                        "code": "Z019",
                        "visible": null
                    },
                    "textLabelGenerated": "Alltid bra pris!",
                    "textLabelManual": null,
                    "lowestHistoricalPrice": null,
                    "price": {
                        "currencyIso": "SEK",
                        "value": 13.0,
                        "priceType": "BUY",
                        "formattedValue": "13,00 kr",
                        "minQuantity": null,
                        "maxQuantity": null
                    },
                    "promotionType": "MixMatchPricePromotion",
                    "conditionLabel": "2 för",
                    "rewardLabel": "26 kr",
                    "textLabel": "Alltid bra pris!",
                    "redeemLimitLabel": "",
                    "cartLabel": null,
                    "validUntil": null,
                    "timesUsed": null,
                    "qualifyingCount": 2,
                    "comparePrice": "43,33 kr",
                    "splashTitleText": "Alltid bra pris",
                    "realMixAndMatch": true,
                    "mainProductCode": "101339963_ST",
                    "conditionLabelFormatted": "",
                    "promotionRedeemLimit": null,
                    "promotionPercentage": null,
                    "cartLabelFormatted": "",
                    "priority": 208,
                    "code": "10009465299"
                }
            ],
            "inactivePotentialPromotions": [],
            "priceValue": 14.95,
            "price": "14,95 kr",
            "image": {
                "imageType": "PRIMARY",
                "format": "product",
                "url": "https://assets.axfood.se/image/upload/f_auto,t_200/07340083489358_C1N1_s01",
                "altText": null,
                "galleryIndex": null,
                "width": null
            },
            "ranking": 20.9110904705938,
            "depositPrice": "",
            "averageWeight": null,
            "comparePrice": "49,83 kr",
            "comparePriceUnit": "l",
            "isDrugProduct": false,
            "solrSearchScore": 0.7614262700080872,
            "energyDeclaration": null,
            "newsSplashProduct": false,
            "notAllowedB2b": false,
            "notAllowedAnonymous": false,
            "productLine2": "MEVOLUTION, 300ml",
            "pickupProductLine2": "MEVOLUTION, 300ml",
            "priceUnit": "kr/st",
            "priceNoUnit": "14,95",
            "savingsAmount": 3.9,
            "googleAnalyticsCategory": "halsa-och-skonhet|kroppsvard|tval",
            "gdprTrackingIncompliant": false,
            "nicotineMedicalProduct": false,
            "tobaccoFreeNicotineProduct": false,
            "nonEkoProduct": false,
            "precautionaryStatements": [],
            "hazards": [],
            "tobaccoProduct": false,
            "showGoodPriceIcon": true,
            "labels": [],
            "seoDescription": "",
            "seoTitle": "",
            "manufacturer": "Mevolution",
            "incrementValue": 1.0,
            "productBasketType": {
                "code": "ST",
                "type": "ProductBasketTypeEnum"
            },
            "bargainProduct": false,
            "addToCartMessage": "",
            "thumbnail": {
                "imageType": "PRIMARY",
                "format": "thumbnail",
                "url": "https://assets.axfood.se/image/upload/f_auto,t_100/07340083489358_C1N1_s01",
                "altText": null,
                "galleryIndex": null,
                "width": null
            },
            "outOfStock": false,
            "online": true,
            "displayVolume": "300ml",
            "addToCartDisabled": false,
            "name": "Casablanca Woods Flytande Handtvål",
            "code": "101339963_ST"
        },
        {
            "potentialPromotions": [
                {
                    "threshold": null,
                    "applied": false,
                    "campaignType": "GENERAL",
                    "offerStatus": null,
                    "productCodes": [
                        "101205360_ST",
                        "101205363_ST",
                        "101205364_ST",
                        "101205365_ST",
                        "101205394_ST",
                        "101205409_ST",
                        "101205411_ST",
                        "101205421_ST",
                        "101205422_ST",
                        "101205423_ST"
                    ],
                    "promotionTheme": {
                        "code": "Z019",
                        "visible": null
                    },
                    "textLabelGenerated": "Alltid bra pris!",
                    "textLabelManual": null,
                    "lowestHistoricalPrice": null,
                    "price": {
                        "currencyIso": "SEK",
                        "value": 15.0,
                        "priceType": "BUY",
                        "formattedValue": "15,00 kr",
                        "minQuantity": null,
                        "maxQuantity": null
                    },
                    "promotionType": "MixMatchPricePromotion",
                    "conditionLabel": "2 för",
                    "rewardLabel": "30 kr",
                    "textLabel": "Alltid bra pris!",
                    "redeemLimitLabel": "",
                    "cartLabel": null,
                    "validUntil": null,
                    "timesUsed": null,
                    "qualifyingCount": 2,
                    "comparePrice": "16,67 kr",
                    "splashTitleText": "Alltid bra pris",
                    "realMixAndMatch": true,
                    "mainProductCode": "101205360_ST",
                    "conditionLabelFormatted": "",
                    "promotionRedeemLimit": null,
                    "promotionPercentage": null,
                    "cartLabelFormatted": "",
                    "priority": 208,
                    "code": "10009465298"
                }
            ],
            "inactivePotentialPromotions": [],
            "priceValue": 17.5,
            "price": "17,50 kr",
            "image": {
                "imageType": "PRIMARY",
                "format": "product",
                "url": "https://assets.axfood.se/image/upload/f_auto,t_200/07322550092063_C1R1_s01",
                "altText": null,
                "galleryIndex": null,
                "width": null
            },
            "ranking": 20.911090467317,
            "depositPrice": "",
            "averageWeight": null,
            "comparePrice": "19,44 kr",
            "comparePriceUnit": "l",
            "isDrugProduct": false,
            "solrSearchScore": 0.7614262700080872,
            "energyDeclaration": null,
            "newsSplashProduct": false,
            "notAllowedB2b": false,
            "notAllowedAnonymous": false,
            "productLine2": "BLÅ BAND, 3p/9dl",
            "pickupProductLine2": "BLÅ BAND, 3p/9dl",
            "priceUnit": "kr/st",
            "priceNoUnit": "17,50",
            "savingsAmount": 5.0,
            "googleAnalyticsCategory": "skafferi|kryddor-och-smaksattare|saser",
            "gdprTrackingIncompliant": false,
            "nicotineMedicalProduct": false,
            "tobaccoFreeNicotineProduct": false,
            "nonEkoProduct": false,
            "precautionaryStatements": [],
            "hazards": [],
            "tobaccoProduct": false,
            "showGoodPriceIcon": true,
            "labels": [],
            "seoDescription": "",
            "seoTitle": "",
            "manufacturer": "Blå Band",
            "incrementValue": 1.0,
            "productBasketType": {
                "code": "ST",
                "type": "ProductBasketTypeEnum"
            },
            "bargainProduct": false,
            "addToCartMessage": "",
            "thumbnail": {
                "imageType": "PRIMARY",
                "format": "thumbnail",
                "url": "https://assets.axfood.se/image/upload/f_auto,t_100/07322550092063_C1R1_s01",
                "altText": null,
                "galleryIndex": null,
                "width": null
            },
            "outOfStock": false,
            "online": true,
            "displayVolume": "3p/9dl",
            "addToCartDisabled": false,
            "name": "Champinjonsås Pulver",
            "code": "101205360_ST"
        },
        {
            "potentialPromotions": [
                {
                    "threshold": null,
                    "applied": false,
                    "campaignType": "GENERAL",
                    "offerStatus": null,
                    "productCodes": [
                        "101607963_ST",
                        "101607964_ST",
                        "101607965_ST",
                        "101607966_ST",
                        "101607967_ST",
                        "101608018_ST",
                        "101608019_ST",
                        "101608020_ST",
                        "101608021_ST"
                    ],
                    "promotionTheme": {
                        "code": "Z019",
                        "visible": null
                    },
                    "textLabelGenerated": "Alltid bra pris!",
                    "textLabelManual": null,
                    "lowestHistoricalPrice": null,
                    "price": {
                        "currencyIso": "SEK",
                        "value": 7.0,
                        "priceType": "BUY",
                        "formattedValue": "7,00 kr",
                        "minQuantity": null,
                        "maxQuantity": null
                    },
                    "promotionType": "MixMatchPricePromotion",
                    "conditionLabel": "4 för",
                    "rewardLabel": "28 kr",
                    "textLabel": "Alltid bra pris!",
                    "redeemLimitLabel": "",
                    "cartLabel": null,
                    "validUntil": null,
                    "timesUsed": null,
                    "qualifyingCount": 4,
                    "comparePrice": "21,21 kr",
                    "splashTitleText": "Alltid bra pris",
                    "realMixAndMatch": true,
                    "mainProductCode": "101203557_ST",
                    "conditionLabelFormatted": "",
                    "promotionRedeemLimit": null,
                    "promotionPercentage": null,
                    "cartLabelFormatted": "",
                    "priority": 208,
                    "code": "10009465297"
                }
            ],
            "inactivePotentialPromotions": [],
            "priceValue": 7.95,
            "price": "7,95 kr",
            "image": {
                "imageType": "PRIMARY",
                "format": "product",
                "url": "https://assets.axfood.se/image/upload/f_auto,t_200/07611612404310_C1N1_s02",
                "altText": null,
                "galleryIndex": null,
                "width": null
            },
            "ranking": 20.9110904640402,
            "depositPrice": "1,00 kr",
            "averageWeight": null,
            "comparePrice": "24,09 kr",
            "comparePriceUnit": "l",
            "isDrugProduct": false,
            "solrSearchScore": 0.7614262700080872,
            "energyDeclaration": null,
            "newsSplashProduct": false,
            "notAllowedB2b": false,
            "notAllowedAnonymous": false,
            "productLine2": "PREMIER, 33cl",
            "pickupProductLine2": "PREMIER, 33cl",
            "priceUnit": "kr/st",
            "priceNoUnit": "7,95",
            "savingsAmount": 3.8,
            "googleAnalyticsCategory": "dryck|lask|lask-liten",
            "gdprTrackingIncompliant": false,
            "nicotineMedicalProduct": false,
            "tobaccoFreeNicotineProduct": false,
            "nonEkoProduct": false,
            "precautionaryStatements": [],
            "hazards": [],
            "tobaccoProduct": false,
            "showGoodPriceIcon": true,
            "labels": [],
            "seoDescription": "",
            "seoTitle": "",
            "manufacturer": "Premier",
            "incrementValue": 1.0,
            "productBasketType": {
                "code": "ST",
                "type": "ProductBasketTypeEnum"
            },
            "bargainProduct": false,
            "addToCartMessage": "",
            "thumbnail": {
                "imageType": "PRIMARY",
                "format": "thumbnail",
                "url": "https://assets.axfood.se/image/upload/f_auto,t_100/07611612404310_C1N1_s02",
                "altText": null,
                "galleryIndex": null,
                "width": null
            },
            "outOfStock": false,
            "online": true,
            "displayVolume": "33cl",
            "addToCartDisabled": false,
            "name": "Cola Zero Läsk,burk",
            "code": "101607963_ST"
        },
        {
            "potentialPromotions": [
                {
                    "threshold": null,
                    "applied": false,
                    "campaignType": "GENERAL",
                    "offerStatus": null,
                    "productCodes": [
                        "101753095_ST",
                        "101753096_ST"
                    ],
                    "promotionTheme": {
                        "code": "Z019",
                        "visible": null
                    },
                    "textLabelGenerated": "Alltid bra pris!",
                    "textLabelManual": null,
                    "lowestHistoricalPrice": null,
                    "price": {
                        "currencyIso": "SEK",
                        "value": 12.5,
                        "priceType": "BUY",
                        "formattedValue": "12,50 kr",
                        "minQuantity": null,
                        "maxQuantity": null
                    },
                    "promotionType": "MixMatchPricePromotion",
                    "conditionLabel": "2 för",
                    "rewardLabel": "25 kr",
                    "textLabel": "Alltid bra pris!",
                    "redeemLimitLabel": "",
                    "cartLabel": null,
                    "validUntil": null,
                    "timesUsed": null,
                    "qualifyingCount": 2,
                    "comparePrice": "25,00 kr",
                    "splashTitleText": "Alltid bra pris",
                    "realMixAndMatch": true,
                    "mainProductCode": "101286586_ST",
                    "conditionLabelFormatted": "",
                    "promotionRedeemLimit": null,
                    "promotionPercentage": null,
                    "cartLabelFormatted": "",
                    "priority": 208,
                    "code": "10009465296"
                }
            ],
            "inactivePotentialPromotions": [],
            "priceValue": 13.95,
            "price": "13,95 kr",
            "image": {
                "imageType": "PRIMARY",
                "format": "product",
                "url": "https://assets.axfood.se/image/upload/f_auto,t_200/07611612222570_C1N1_s01",
                "altText": null,
                "galleryIndex": null,
                "width": null
            },
            "ranking": 20.9110904607634,
            "depositPrice": "2,00 kr",
            "averageWeight": null,
            "comparePrice": "27,90 kr",
            "comparePriceUnit": "l",
            "isDrugProduct": false,
            "solrSearchScore": 0.7614262700080872,
            "energyDeclaration": null,
            "newsSplashProduct": false,
            "notAllowedB2b": false,
            "notAllowedAnonymous": false,
            "productLine2": "POWERKING, 50cl",
            "pickupProductLine2": "POWERKING, 50cl",
            "priceUnit": "kr/st",
            "priceNoUnit": "13,95",
            "savingsAmount": 2.9,
            "googleAnalyticsCategory": "dryck|sport-och-energidryck|energidryck",
            "gdprTrackingIncompliant": false,
            "nicotineMedicalProduct": false,
            "tobaccoFreeNicotineProduct": false,
            "nonEkoProduct": false,
            "precautionaryStatements": [],
            "hazards": [],
            "tobaccoProduct": false,
            "showGoodPriceIcon": true,
            "labels": [
                "age_restricted_15"
            ],
            "seoDescription": "",
            "seoTitle": "",
            "manufacturer": "Powerking",
            "incrementValue": 1.0,
            "productBasketType": {
                "code": "ST",
                "type": "ProductBasketTypeEnum"
            },
            "bargainProduct": false,
            "addToCartMessage": "",
            "thumbnail": {
                "imageType": "PRIMARY",
                "format": "thumbnail",
                "url": "https://assets.axfood.se/image/upload/f_auto,t_100/07611612222570_C1N1_s01",
                "altText": null,
                "galleryIndex": null,
                "width": null
            },
            "outOfStock": false,
            "online": true,
            "displayVolume": "50cl",
            "addToCartDisabled": false,
            "name": "Energidrink Sockerfri",
            "code": "101753095_ST"
        },
        {
            "potentialPromotions": [
                {
                    "threshold": null,
                    "applied": false,
                    "campaignType": "GENERAL",
                    "offerStatus": null,
                    "productCodes": [
                        "101286110_ST",
                        "101286111_ST",
                        "101328223_ST",
                        "101432463_ST"
                    ],
                    "promotionTheme": {
                        "code": "Z019",
                        "visible": null
                    },
                    "textLabelGenerated": "Alltid bra pris!",
                    "textLabelManual": null,
                    "lowestHistoricalPrice": null,
                    "price": {
                        "currencyIso": "SEK",
                        "value": 20.0,
                        "priceType": "BUY",
                        "formattedValue": "20,00 kr",
                        "minQuantity": null,
                        "maxQuantity": null
                    },
                    "promotionType": "MixMatchPricePromotion",
                    "conditionLabel": "2 för",
                    "rewardLabel": "40 kr",
                    "textLabel": "Alltid bra pris!",
                    "redeemLimitLabel": "",
                    "cartLabel": null,
                    "validUntil": null,
                    "timesUsed": null,
                    "qualifyingCount": 2,
                    "comparePrice": "74,07 kr",
                    "splashTitleText": "Alltid bra pris",
                    "realMixAndMatch": true,
                    "mainProductCode": "101286110_ST",
                    "conditionLabelFormatted": "",
                    "promotionRedeemLimit": null,
                    "promotionPercentage": null,
                    "cartLabelFormatted": "",
                    "priority": 208,
                    "code": "10009465295"
                }
            ],
            "inactivePotentialPromotions": [],
            "priceValue": 21.95,
            "price": "21,95 kr",
            "image": {
                "imageType": "PRIMARY",
                "format": "product",
                "url": "https://assets.axfood.se/image/upload/f_auto,t_200/07340083471209_C1L1_s01",
                "altText": null,
                "galleryIndex": null,
                "width": null
            },
            "ranking": 20.9110904574866,
            "depositPrice": "",
            "averageWeight": null,
            "comparePrice": "81,30 kr",
            "comparePriceUnit": "kg",
            "isDrugProduct": false,
            "solrSearchScore": 0.7614262700080872,
            "energyDeclaration": null,
            "newsSplashProduct": false,
            "notAllowedB2b": false,
            "notAllowedAnonymous": false,
            "productLine2": "GARANT, 270g",
            "pickupProductLine2": "GARANT, 270g",
            "priceUnit": "kr/st",
            "priceNoUnit": "21,95",
            "savingsAmount": 3.9,
            "googleAnalyticsCategory": "godis-snacks-och-glass|popcorn",
            "gdprTrackingIncompliant": false,
            "nicotineMedicalProduct": false,
            "tobaccoFreeNicotineProduct": false,
            "nonEkoProduct": false,
            "precautionaryStatements": [],
            "hazards": [],
            "tobaccoProduct": false,
            "showGoodPriceIcon": true,
            "labels": [],
            "seoDescription": "",
            "seoTitle": "",
            "manufacturer": "Garant",
            "incrementValue": 1.0,
            "productBasketType": {
                "code": "ST",
                "type": "ProductBasketTypeEnum"
            },
            "bargainProduct": false,
            "addToCartMessage": "",
            "thumbnail": {
                "imageType": "PRIMARY",
                "format": "thumbnail",
                "url": "https://assets.axfood.se/image/upload/f_auto,t_100/07340083471209_C1L1_s01",
                "altText": null,
                "galleryIndex": null,
                "width": null
            },
            "outOfStock": false,
            "online": true,
            "displayVolume": "270g",
            "addToCartDisabled": false,
            "name": "Mikropopcorn Extra Stora Saltade 3-pack",
            "code": "101286110_ST"
        },
        {
            "potentialPromotions": [
                {
                    "threshold": null,
                    "applied": false,
                    "campaignType": "GENERAL",
                    "offerStatus": null,
                    "productCodes": [
                        "101261058_ST",
                        "101261059_ST"
                    ],
                    "promotionTheme": {
                        "code": "Z019",
                        "visible": null
                    },
                    "textLabelGenerated": "Alltid bra pris!",
                    "textLabelManual": null,
                    "lowestHistoricalPrice": null,
                    "price": {
                        "currencyIso": "SEK",
                        "value": 29.0,
                        "priceType": "BUY",
                        "formattedValue": "29,00 kr",
                        "minQuantity": null,
                        "maxQuantity": null
                    },
                    "promotionType": "MixMatchPricePromotion",
                    "conditionLabel": "2 för",
                    "rewardLabel": "58 kr",
                    "textLabel": "Alltid bra pris!",
                    "redeemLimitLabel": "",
                    "cartLabel": null,
                    "validUntil": null,
                    "timesUsed": null,
                    "qualifyingCount": 2,
                    "comparePrice": "82,86 kr",
                    "splashTitleText": "Alltid bra pris",
                    "realMixAndMatch": true,
                    "mainProductCode": "101261058_ST",
                    "conditionLabelFormatted": "",
                    "promotionRedeemLimit": null,
                    "promotionPercentage": null,
                    "cartLabelFormatted": "",
                    "priority": 208,
                    "code": "10009465294"
                }
            ],
            "inactivePotentialPromotions": [],
            "priceValue": 32.95,
            "price": "32,95 kr",
            "image": {
                "imageType": "PRIMARY",
                "format": "product",
                "url": "https://assets.axfood.se/image/upload/f_auto,t_200/07340083455155_C1L1_s02",
                "altText": null,
                "galleryIndex": null,
                "width": null
            },
            "ranking": 20.9110904542098,
            "depositPrice": "",
            "averageWeight": null,
            "comparePrice": "94,14 kr",
            "comparePriceUnit": "kg",
            "isDrugProduct": false,
            "solrSearchScore": 0.7614262700080872,
            "energyDeclaration": null,
            "newsSplashProduct": false,
            "notAllowedB2b": false,
            "notAllowedAnonymous": false,
            "productLine2": "GARANT, 350g",
            "pickupProductLine2": "GARANT, 350g",
            "priceUnit": "kr/st",
            "priceNoUnit": "32,95",
            "savingsAmount": 7.9,
            "googleAnalyticsCategory": "fryst|pizza-paj-och-piroger|pizza",
            "gdprTrackingIncompliant": false,
            "nicotineMedicalProduct": false,
            "tobaccoFreeNicotineProduct": false,
            "nonEkoProduct": false,
            "precautionaryStatements": [],
            "hazards": [],
            "tobaccoProduct": false,
            "showGoodPriceIcon": true,
            "labels": [],
            "seoDescription": "",
            "seoTitle": "",
            "manufacturer": "Garant",
            "incrementValue": 1.0,
            "productBasketType": {
                "code": "ST",
                "type": "ProductBasketTypeEnum"
            },
            "bargainProduct": false,
            "addToCartMessage": "",
            "thumbnail": {
                "imageType": "PRIMARY",
                "format": "thumbnail",
                "url": "https://assets.axfood.se/image/upload/f_auto,t_100/07340083455155_C1L1_s02",
                "altText": null,
                "galleryIndex": null,
                "width": null
            },
            "outOfStock": false,
            "online": true,
            "displayVolume": "350g",
            "addToCartDisabled": false,
            "name": "Prosciutto Pizza Fryst",
            "code": "101261058_ST"
        },
        {
            "potentialPromotions": [
                {
                    "threshold": null,
                    "applied": false,
                    "campaignType": "GENERAL",
                    "offerStatus": null,
                    "productCodes": [
                        "101235646_ST",
                        "101235768_ST",
                        "101304729_ST",
                        "101354716_ST",
                        "101543161_ST"
                    ],
                    "promotionTheme": {
                        "code": "Z019",
                        "visible": null
                    },
                    "textLabelGenerated": "Alltid bra pris!",
                    "textLabelManual": null,
                    "lowestHistoricalPrice": null,
                    "price": {
                        "currencyIso": "SEK",
                        "value": 32.5,
                        "priceType": "BUY",
                        "formattedValue": "32,50 kr",
                        "minQuantity": null,
                        "maxQuantity": null
                    },
                    "promotionType": "MixMatchPricePromotion",
                    "conditionLabel": "2 för",
                    "rewardLabel": "65 kr",
                    "textLabel": "Alltid bra pris!",
                    "redeemLimitLabel": "",
                    "cartLabel": null,
                    "validUntil": null,
                    "timesUsed": null,
                    "qualifyingCount": 2,
                    "comparePrice": "162,50 kr",
                    "splashTitleText": "Alltid bra pris",
                    "realMixAndMatch": true,
                    "mainProductCode": "101235646_ST",
                    "conditionLabelFormatted": "",
                    "promotionRedeemLimit": null,
                    "promotionPercentage": null,
                    "cartLabelFormatted": "",
                    "priority": 208,
                    "code": "10009465293"
                }
            ],
            "inactivePotentialPromotions": [],
            "priceValue": 36.95,
            "price": "36,95 kr",
            "image": {
                "imageType": "PRIMARY",
                "format": "product",
                "url": "https://assets.axfood.se/image/upload/f_auto,t_200/07340005403455_C1N1_s03",
                "altText": null,
                "galleryIndex": null,
                "width": null
            },
            "ranking": 20.911090450933,
            "depositPrice": "",
            "averageWeight": null,
            "comparePrice": "184,75 kr",
            "comparePriceUnit": "kg",
            "isDrugProduct": false,
            "solrSearchScore": 0.7614262700080872,
            "energyDeclaration": null,
            "newsSplashProduct": false,
            "notAllowedB2b": false,
            "notAllowedAnonymous": false,
            "productLine2": "OLW, 200g",
            "pickupProductLine2": "OLW, 200g",
            "priceUnit": "kr/st",
            "priceNoUnit": "36,95",
            "savingsAmount": 8.9,
            "googleAnalyticsCategory": "godis-snacks-och-glass|notter-och-snacks",
            "gdprTrackingIncompliant": false,
            "nicotineMedicalProduct": false,
            "tobaccoFreeNicotineProduct": false,
            "nonEkoProduct": false,
            "precautionaryStatements": [],
            "hazards": [],
            "tobaccoProduct": false,
            "showGoodPriceIcon": true,
            "labels": [],
            "seoDescription": "",
            "seoTitle": "",
            "manufacturer": "Olw",
            "incrementValue": 1.0,
            "productBasketType": {
                "code": "ST",
                "type": "ProductBasketTypeEnum"
            },
            "bargainProduct": false,
            "addToCartMessage": "",
            "thumbnail": {
                "imageType": "PRIMARY",
                "format": "thumbnail",
                "url": "https://assets.axfood.se/image/upload/f_auto,t_100/07340005403455_C1N1_s03",
                "altText": null,
                "galleryIndex": null,
                "width": null
            },
            "outOfStock": false,
            "online": true,
            "displayVolume": "200g",
            "addToCartDisabled": false,
            "name": "Nötmix med Bär",
            "code": "101235646_ST"
        },
        {
            "potentialPromotions": [
                {
                    "threshold": null,
                    "applied": false,
                    "campaignType": "GENERAL",
                    "offerStatus": null,
                    "productCodes": [
                        "101267873_ST",
                        "101267874_ST",
                        "101267875_ST",
                        "101267876_ST"
                    ],
                    "promotionTheme": {
                        "code": "Z019",
                        "visible": null
                    },
                    "textLabelGenerated": "Alltid bra pris!",
                    "textLabelManual": null,
                    "lowestHistoricalPrice": null,
                    "price": {
                        "currencyIso": "SEK",
                        "value": 21.0,
                        "priceType": "BUY",
                        "formattedValue": "21,00 kr",
                        "minQuantity": null,
                        "maxQuantity": null
                    },
                    "promotionType": "MixMatchPricePromotion",
                    "conditionLabel": "2 för",
                    "rewardLabel": "42 kr",
                    "textLabel": "Alltid bra pris!",
                    "redeemLimitLabel": "",
                    "cartLabel": null,
                    "validUntil": null,
                    "timesUsed": null,
                    "qualifyingCount": 2,
                    "comparePrice": "135,48 kr",
                    "splashTitleText": "Alltid bra pris",
                    "realMixAndMatch": true,
                    "mainProductCode": "101267873_ST",
                    "conditionLabelFormatted": "",
                    "promotionRedeemLimit": null,
                    "promotionPercentage": null,
                    "cartLabelFormatted": "",
                    "priority": 208,
                    "code": "10009465292"
                }
            ],
            "inactivePotentialPromotions": [],
            "priceValue": 24.95,
            "price": "24,95 kr",
            "image": {
                "imageType": "PRIMARY",
                "format": "product",
                "url": "https://assets.axfood.se/image/upload/f_auto,t_200/07340083459252_C1C1_s02",
                "altText": null,
                "galleryIndex": null,
                "width": null
            },
            "ranking": 20.9110904476562,
            "depositPrice": "",
            "averageWeight": null,
            "comparePrice": "160,97 kr",
            "comparePriceUnit": "kg",
            "isDrugProduct": false,
            "solrSearchScore": 0.7614262700080872,
            "energyDeclaration": null,
            "newsSplashProduct": false,
            "notAllowedB2b": false,
            "notAllowedAnonymous": false,
            "productLine2": "GARANT, 260/155g",
            "pickupProductLine2": "GARANT, 260/155g",
            "priceUnit": "kr/st",
            "priceNoUnit": "24,95",
            "savingsAmount": 7.9,
            "googleAnalyticsCategory": "skafferi|oliver-och-delikatesser|oliver",
            "gdprTrackingIncompliant": false,
            "nicotineMedicalProduct": false,
            "tobaccoFreeNicotineProduct": false,
            "nonEkoProduct": false,
            "precautionaryStatements": [],
            "hazards": [],
            "tobaccoProduct": false,
            "showGoodPriceIcon": true,
            "labels": [],
            "seoDescription": "",
            "seoTitle": "",
            "manufacturer": "Garant",
            "incrementValue": 1.0,
            "productBasketType": {
                "code": "ST",
                "type": "ProductBasketTypeEnum"
            },
            "bargainProduct": false,
            "addToCartMessage": "",
            "thumbnail": {
                "imageType": "PRIMARY",
                "format": "thumbnail",
                "url": "https://assets.axfood.se/image/upload/f_auto,t_100/07340083459252_C1C1_s02",
                "altText": null,
                "galleryIndex": null,
                "width": null
            },
            "outOfStock": false,
            "online": true,
            "displayVolume": "260/155g",
            "addToCartDisabled": false,
            "name": "Gröna Oliver med Vitlök",
            "code": "101267873_ST"
        },
        {
            "potentialPromotions": [
                {
                    "threshold": null,
                    "applied": false,
                    "campaignType": "GENERAL",
                    "offerStatus": null,
                    "productCodes": [
                        "100038763_ST"
                    ],
                    "promotionTheme": {
                        "code": "Z019",
                        "visible": null
                    },
                    "textLabelGenerated": "Alltid bra pris!",
                    "textLabelManual": null,
                    "lowestHistoricalPrice": null,
                    "price": {
                        "currencyIso": "SEK",
                        "value": 14.0,
                        "priceType": "BUY",
                        "formattedValue": "14,00 kr",
                        "minQuantity": null,
                        "maxQuantity": null
                    },
                    "promotionType": "MixMatchPricePromotion",
                    "conditionLabel": "2 för",
                    "rewardLabel": "28 kr",
                    "textLabel": "Alltid bra pris!",
                    "redeemLimitLabel": "",
                    "cartLabel": null,
                    "validUntil": null,
                    "timesUsed": null,
                    "qualifyingCount": 2,
                    "comparePrice": "14,00 kr",
                    "splashTitleText": "Alltid bra pris",
                    "realMixAndMatch": false,
                    "mainProductCode": "100038763_ST",
                    "conditionLabelFormatted": "",
                    "promotionRedeemLimit": null,
                    "promotionPercentage": null,
                    "cartLabelFormatted": "",
                    "priority": 208,
                    "code": "10009465291"
                }
            ],
            "inactivePotentialPromotions": [],
            "priceValue": 15.95,
            "price": "15,95 kr",
            "image": {
                "imageType": "PRIMARY",
                "format": "product",
                "url": "https://assets.axfood.se/image/upload/f_auto,t_200/07310470063096_C1L1_s02",
                "altText": null,
                "galleryIndex": null,
                "width": null
            },
            "ranking": 20.9110904443794,
            "depositPrice": "",
            "averageWeight": null,
            "comparePrice": "15,95 kr",
            "comparePriceUnit": "l",
            "isDrugProduct": false,
            "solrSearchScore": 0.7614262700080872,
            "energyDeclaration": null,
            "newsSplashProduct": false,
            "notAllowedB2b": false,
            "notAllowedAnonymous": false,
            "productLine2": "EKSTRÖMS, 1l",
            "pickupProductLine2": "EKSTRÖMS, 1l",
            "priceUnit": "kr/st",
            "priceNoUnit": "15,95",
            "savingsAmount": 3.9,
            "googleAnalyticsCategory": "skafferi|soppor-och-kramer|soppa",
            "gdprTrackingIncompliant": false,
            "nicotineMedicalProduct": false,
            "tobaccoFreeNicotineProduct": false,
            "nonEkoProduct": false,
            "precautionaryStatements": [],
            "hazards": [],
            "tobaccoProduct": false,
            "showGoodPriceIcon": true,
            "labels": [],
            "seoDescription": "",
            "seoTitle": "",
            "manufacturer": "Ekströms",
            "incrementValue": 1.0,
            "productBasketType": {
                "code": "ST",
                "type": "ProductBasketTypeEnum"
            },
            "bargainProduct": false,
            "addToCartMessage": "",
            "thumbnail": {
                "imageType": "PRIMARY",
                "format": "thumbnail",
                "url": "https://assets.axfood.se/image/upload/f_auto,t_100/07310470063096_C1L1_s02",
                "altText": null,
                "galleryIndex": null,
                "width": null
            },
            "outOfStock": false,
            "online": true,
            "displayVolume": "1l",
            "addToCartDisabled": false,
            "name": "Nyponsoppa",
            "code": "100038763_ST"
        },
        {
            "potentialPromotions": [
                {
                    "threshold": null,
                    "applied": false,
                    "campaignType": "GENERAL",
                    "offerStatus": null,
                    "productCodes": [
                        "101068130_ST",
                        "101209784_ST",
                        "101209795_ST",
                        "101209802_ST",
                        "101210179_ST"
                    ],
                    "promotionTheme": {
                        "code": "Z019",
                        "visible": null
                    },
                    "textLabelGenerated": "Alltid bra pris!",
                    "textLabelManual": null,
                    "lowestHistoricalPrice": null,
                    "price": {
                        "currencyIso": "SEK",
                        "value": 5.0,
                        "priceType": "BUY",
                        "formattedValue": "5,00 kr",
                        "minQuantity": null,
                        "maxQuantity": null
                    },
                    "promotionType": "MixMatchPricePromotion",
                    "conditionLabel": "4 för",
                    "rewardLabel": "20 kr",
                    "textLabel": "Alltid bra pris!",
                    "redeemLimitLabel": "",
                    "cartLabel": null,
                    "validUntil": null,
                    "timesUsed": null,
                    "qualifyingCount": 4,
                    "comparePrice": "58,82 kr",
                    "splashTitleText": "Alltid bra pris",
                    "realMixAndMatch": true,
                    "mainProductCode": "101068130_ST",
                    "conditionLabelFormatted": "",
                    "promotionRedeemLimit": null,
                    "promotionPercentage": null,
                    "cartLabelFormatted": "",
                    "priority": 208,
                    "code": "10009465290"
                }
            ],
            "inactivePotentialPromotions": [],
            "priceValue": 5.95,
            "price": "5,95 kr",
            "image": {
                "imageType": "PRIMARY",
                "format": "product",
                "url": "https://assets.axfood.se/image/upload/f_auto,t_200/07350035210114_C1N1_s01",
                "altText": null,
                "galleryIndex": null,
                "width": null
            },
            "ranking": 20.9110904411026,
            "depositPrice": "",
            "averageWeight": null,
            "comparePrice": "70,00 kr",
            "comparePriceUnit": "kg",
            "isDrugProduct": false,
            "solrSearchScore": 0.7614262700080872,
            "energyDeclaration": null,
            "newsSplashProduct": false,
            "notAllowedB2b": false,
            "notAllowedAnonymous": false,
            "productLine2": "SAMYANG RAMEN, 85g",
            "pickupProductLine2": "SAMYANG RAMEN, 85g",
            "priceUnit": "kr/st",
            "priceNoUnit": "5,95",
            "savingsAmount": 3.8,
            "googleAnalyticsCategory": "skafferi|asien|nudlar-",
            "gdprTrackingIncompliant": false,
            "nicotineMedicalProduct": false,
            "tobaccoFreeNicotineProduct": false,
            "nonEkoProduct": false,
            "precautionaryStatements": [],
            "hazards": [],
            "tobaccoProduct": false,
            "showGoodPriceIcon": true,
            "labels": [],
            "seoDescription": "",
            "seoTitle": "",
            "manufacturer": "Samyang Ramen",
            "incrementValue": 1.0,
            "productBasketType": {
                "code": "ST",
                "type": "ProductBasketTypeEnum"
            },
            "bargainProduct": false,
            "addToCartMessage": "",
            "thumbnail": {
                "imageType": "PRIMARY",
                "format": "thumbnail",
                "url": "https://assets.axfood.se/image/upload/f_auto,t_100/07350035210114_C1N1_s01",
                "altText": null,
                "galleryIndex": null,
                "width": null
            },
            "outOfStock": false,
            "online": true,
            "displayVolume": "85g",
            "addToCartDisabled": false,
            "name": "Snabbnudlar Biff",
            "code": "101068130_ST"
        },
        {
            "potentialPromotions": [
                {
                    "threshold": null,
                    "applied": false,
                    "campaignType": "GENERAL",
                    "offerStatus": null,
                    "productCodes": [
                        "101244155_ST",
                        "101244156_ST",
                        "101302552_ST"
                    ],
                    "promotionTheme": {
                        "code": "Z019",
                        "visible": null
                    },
                    "textLabelGenerated": "Alltid bra pris!",
                    "textLabelManual": null,
                    "lowestHistoricalPrice": null,
                    "price": {
                        "currencyIso": "SEK",
                        "value": 17.0,
                        "priceType": "BUY",
                        "formattedValue": "17,00 kr",
                        "minQuantity": null,
                        "maxQuantity": null
                    },
                    "promotionType": "MixMatchPricePromotion",
                    "conditionLabel": "2 för",
                    "rewardLabel": "34 kr",
                    "textLabel": "Alltid bra pris!",
                    "redeemLimitLabel": "",
                    "cartLabel": null,
                    "validUntil": null,
                    "timesUsed": null,
                    "qualifyingCount": 2,
                    "comparePrice": "113,33 kr",
                    "splashTitleText": "Alltid bra pris",
                    "realMixAndMatch": true,
                    "mainProductCode": "101244155_ST",
                    "conditionLabelFormatted": "",
                    "promotionRedeemLimit": null,
                    "promotionPercentage": null,
                    "cartLabelFormatted": "",
                    "priority": 208,
                    "code": "10009465288"
                }
            ],
            "inactivePotentialPromotions": [],
            "priceValue": 18.95,
            "price": "18,95 kr",
            "image": {
                "imageType": "PRIMARY",
                "format": "product",
                "url": "https://assets.axfood.se/image/upload/f_auto,t_200/07340083449499_C1L1_s01",
                "altText": null,
                "galleryIndex": null,
                "width": null
            },
            "ranking": 20.911090434549,
            "depositPrice": "",
            "averageWeight": null,
            "comparePrice": "126,33 kr",
            "comparePriceUnit": "kg",
            "isDrugProduct": false,
            "solrSearchScore": 0.7614262700080872,
            "energyDeclaration": null,
            "newsSplashProduct": false,
            "notAllowedB2b": false,
            "notAllowedAnonymous": false,
            "productLine2": "ELDORADO, 150g",
            "pickupProductLine2": "ELDORADO, 150g",
            "priceUnit": "kr/st",
            "priceNoUnit": "18,95",
            "savingsAmount": 3.9,
            "googleAnalyticsCategory": "halsa-och-skonhet|halsokost",
            "gdprTrackingIncompliant": false,
            "nicotineMedicalProduct": false,
            "tobaccoFreeNicotineProduct": false,
            "nonEkoProduct": false,
            "precautionaryStatements": [],
            "hazards": [],
            "tobaccoProduct": false,
            "showGoodPriceIcon": true,
            "labels": [],
            "seoDescription": "",
            "seoTitle": "",
            "manufacturer": "Eldorado",
            "incrementValue": 1.0,
            "productBasketType": {
                "code": "ST",
                "type": "ProductBasketTypeEnum"
            },
            "bargainProduct": false,
            "addToCartMessage": "",
            "thumbnail": {
                "imageType": "PRIMARY",
                "format": "thumbnail",
                "url": "https://assets.axfood.se/image/upload/f_auto,t_100/07340083449499_C1L1_s01",
                "altText": null,
                "galleryIndex": null,
                "width": null
            },
            "outOfStock": false,
            "online": true,
            "displayVolume": "150g",
            "addToCartDisabled": false,
            "name": "Choklad Müslibar 6-pack",
            "code": "101244155_ST"
        },
        {
            "potentialPromotions": [
                {
                    "threshold": null,
                    "applied": false,
                    "campaignType": "GENERAL",
                    "offerStatus": null,
                    "productCodes": [
                        "101285406_ST",
                        "101298472_ST",
                        "101298473_ST",
                        "101298474_ST",
                        "101414844_ST"
                    ],
                    "promotionTheme": {
                        "code": "Z019",
                        "visible": null
                    },
                    "textLabelGenerated": "Alltid bra pris!",
                    "textLabelManual": null,
                    "lowestHistoricalPrice": null,
                    "price": {
                        "currencyIso": "SEK",
                        "value": 11.0,
                        "priceType": "BUY",
                        "formattedValue": "11,00 kr",
                        "minQuantity": null,
                        "maxQuantity": null
                    },
                    "promotionType": "MixMatchPricePromotion",
                    "conditionLabel": "3 för",
                    "rewardLabel": "33 kr",
                    "textLabel": "Alltid bra pris!",
                    "redeemLimitLabel": "",
                    "cartLabel": null,
                    "validUntil": null,
                    "timesUsed": null,
                    "qualifyingCount": 3,
                    "comparePrice": "28,21 kr",
                    "splashTitleText": "Alltid bra pris",
                    "realMixAndMatch": true,
                    "mainProductCode": "101285406_ST",
                    "conditionLabelFormatted": "",
                    "promotionRedeemLimit": null,
                    "promotionPercentage": null,
                    "cartLabelFormatted": "",
                    "priority": 208,
                    "code": "10009465287"
                }
            ],
            "inactivePotentialPromotions": [],
            "priceValue": 12.95,
            "price": "12,95 kr",
            "image": {
                "imageType": "PRIMARY",
                "format": "product",
                "url": "https://assets.axfood.se/image/upload/f_auto,t_200/07340083469602_C1L1_s03",
                "altText": null,
                "galleryIndex": null,
                "width": null
            },
            "ranking": 20.9110904312722,
            "depositPrice": "",
            "averageWeight": null,
            "comparePrice": "33,21 kr",
            "comparePriceUnit": "kg",
            "isDrugProduct": false,
            "solrSearchScore": 0.7614262700080872,
            "energyDeclaration": null,
            "newsSplashProduct": false,
            "notAllowedB2b": false,
            "notAllowedAnonymous": false,
            "productLine2": "GARANT, 390g",
            "pickupProductLine2": "GARANT, 390g",
            "priceUnit": "kr/st",
            "priceNoUnit": "12,95",
            "savingsAmount": 5.85,
            "googleAnalyticsCategory": "skafferi|konserver-och-burkar|tomatkonserver",
            "gdprTrackingIncompliant": false,
            "nicotineMedicalProduct": false,
            "tobaccoFreeNicotineProduct": false,
            "nonEkoProduct": false,
            "precautionaryStatements": [],
            "hazards": [],
            "tobaccoProduct": false,
            "showGoodPriceIcon": true,
            "labels": [
                "keyhole"
            ],
            "seoDescription": "",
            "seoTitle": "",
            "manufacturer": "Garant",
            "incrementValue": 1.0,
            "productBasketType": {
                "code": "ST",
                "type": "ProductBasketTypeEnum"
            },
            "bargainProduct": false,
            "addToCartMessage": "",
            "thumbnail": {
                "imageType": "PRIMARY",
                "format": "thumbnail",
                "url": "https://assets.axfood.se/image/upload/f_auto,t_100/07340083469602_C1L1_s03",
                "altText": null,
                "galleryIndex": null,
                "width": null
            },
            "outOfStock": false,
            "online": true,
            "displayVolume": "390g",
            "addToCartDisabled": false,
            "name": "Tomater Krossade",
            "code": "101285406_ST"
        },
        {
            "potentialPromotions": [
                {
                    "threshold": null,
                    "applied": false,
                    "campaignType": "GENERAL",
                    "offerStatus": null,
                    "productCodes": [
                        "101231957_ST",
                        "101708525_ST"
                    ],
                    "promotionTheme": {
                        "code": "Z019",
                        "visible": null
                    },
                    "textLabelGenerated": "Alltid bra pris!",
                    "textLabelManual": null,
                    "lowestHistoricalPrice": null,
                    "price": {
                        "currencyIso": "SEK",
                        "value": 13.0,
                        "priceType": "BUY",
                        "formattedValue": "13,00 kr",
                        "minQuantity": null,
                        "maxQuantity": null
                    },
                    "promotionType": "MixMatchPricePromotion",
                    "conditionLabel": "2 för",
                    "rewardLabel": "26 kr",
                    "textLabel": "Alltid bra pris!",
                    "redeemLimitLabel": "",
                    "cartLabel": null,
                    "validUntil": null,
                    "timesUsed": null,
                    "qualifyingCount": 2,
                    "comparePrice": "52,00 kr",
                    "splashTitleText": "Alltid bra pris",
                    "realMixAndMatch": true,
                    "mainProductCode": "101210320_ST",
                    "conditionLabelFormatted": "",
                    "promotionRedeemLimit": null,
                    "promotionPercentage": null,
                    "cartLabelFormatted": "",
                    "priority": 208,
                    "code": "10009465286"
                }
            ],
            "inactivePotentialPromotions": [],
            "priceValue": 16.5,
            "price": "16,50 kr",
            "image": {
                "imageType": "PRIMARY",
                "format": "product",
                "url": "https://assets.axfood.se/image/upload/f_auto,t_200/07340083443473_C1L1_s01",
                "altText": null,
                "galleryIndex": null,
                "width": null
            },
            "ranking": 20.9110904279954,
            "depositPrice": "",
            "averageWeight": null,
            "comparePrice": "66,00 kr",
            "comparePriceUnit": "l",
            "isDrugProduct": false,
            "solrSearchScore": 0.7614262700080872,
            "energyDeclaration": null,
            "newsSplashProduct": false,
            "notAllowedB2b": false,
            "notAllowedAnonymous": false,
            "productLine2": "GARANT, 250ml",
            "pickupProductLine2": "GARANT, 250ml",
            "priceUnit": "kr/st",
            "priceNoUnit": "16,50",
            "savingsAmount": 7.0,
            "googleAnalyticsCategory": "skafferi|asien|kokosmjolk-och-kokosgradde",
            "gdprTrackingIncompliant": false,
            "nicotineMedicalProduct": false,
            "tobaccoFreeNicotineProduct": false,
            "nonEkoProduct": false,
            "precautionaryStatements": [],
            "hazards": [],
            "tobaccoProduct": false,
            "showGoodPriceIcon": true,
            "labels": [],
            "seoDescription": "",
            "seoTitle": "",
            "manufacturer": "Garant",
            "incrementValue": 1.0,
            "productBasketType": {
                "code": "ST",
                "type": "ProductBasketTypeEnum"
            },
            "bargainProduct": false,
            "addToCartMessage": "",
            "thumbnail": {
                "imageType": "PRIMARY",
                "format": "thumbnail",
                "url": "https://assets.axfood.se/image/upload/f_auto,t_100/07340083443473_C1L1_s01",
                "altText": null,
                "galleryIndex": null,
                "width": null
            },
            "outOfStock": false,
            "online": true,
            "displayVolume": "250ml",
            "addToCartDisabled": false,
            "name": "Kokosgrädde 22%",
            "code": "101231957_ST"
        },
        {
            "potentialPromotions": [
                {
                    "threshold": null,
                    "applied": false,
                    "campaignType": "GENERAL",
                    "offerStatus": null,
                    "productCodes": [
                        "100275033_ST",
                        "101218663_ST"
                    ],
                    "promotionTheme": {
                        "code": "Z019",
                        "visible": null
                    },
                    "textLabelGenerated": "Alltid bra pris!",
                    "textLabelManual": null,
                    "lowestHistoricalPrice": null,
                    "price": {
                        "currencyIso": "SEK",
                        "value": 5.0,
                        "priceType": "BUY",
                        "formattedValue": "5,00 kr",
                        "minQuantity": null,
                        "maxQuantity": null
                    },
                    "promotionType": "MixMatchPricePromotion",
                    "conditionLabel": "3 för",
                    "rewardLabel": "15 kr",
                    "textLabel": "Alltid bra pris!",
                    "redeemLimitLabel": "",
                    "cartLabel": null,
                    "validUntil": null,
                    "timesUsed": null,
                    "qualifyingCount": 3,
                    "comparePrice": "263,16 kr",
                    "splashTitleText": "Alltid bra pris",
                    "realMixAndMatch": true,
                    "mainProductCode": "100275033_ST",
                    "conditionLabelFormatted": "",
                    "promotionRedeemLimit": null,
                    "promotionPercentage": null,
                    "cartLabelFormatted": "",
                    "priority": 208,
                    "code": "10009465285"
                }
            ],
            "inactivePotentialPromotions": [],
            "priceValue": 5.95,
            "price": "5,95 kr",
            "image": {
                "imageType": "PRIMARY",
                "format": "product",
                "url": "https://assets.axfood.se/image/upload/f_auto,t_200/05700417006804_C1N1_s01",
                "altText": null,
                "galleryIndex": null,
                "width": null
            },
            "ranking": 20.9110904247186,
            "depositPrice": "",
            "averageWeight": null,
            "comparePrice": "313,16 kr",
            "comparePriceUnit": "kg",
            "isDrugProduct": false,
            "solrSearchScore": 0.7614262700080872,
            "energyDeclaration": null,
            "newsSplashProduct": false,
            "notAllowedB2b": false,
            "notAllowedAnonymous": false,
            "productLine2": "MALACO, 19g",
            "pickupProductLine2": "MALACO, 19g",
            "priceUnit": "kr/st",
            "priceNoUnit": "5,95",
            "savingsAmount": 2.85,
            "googleAnalyticsCategory": "godis-snacks-och-glass|godis|godispasar",
            "gdprTrackingIncompliant": false,
            "nicotineMedicalProduct": false,
            "tobaccoFreeNicotineProduct": false,
            "nonEkoProduct": false,
            "precautionaryStatements": [],
            "hazards": [],
            "tobaccoProduct": false,
            "showGoodPriceIcon": true,
            "labels": [],
            "seoDescription": "",
            "seoTitle": "",
            "manufacturer": "Malaco",
            "incrementValue": 1.0,
            "productBasketType": {
                "code": "ST",
                "type": "ProductBasketTypeEnum"
            },
            "bargainProduct": false,
            "addToCartMessage": "",
            "thumbnail": {
                "imageType": "PRIMARY",
                "format": "thumbnail",
                "url": "https://assets.axfood.se/image/upload/f_auto,t_100/05700417006804_C1N1_s01",
                "altText": null,
                "galleryIndex": null,
                "width": null
            },
            "outOfStock": false,
            "online": true,
            "displayVolume": "19g",
            "addToCartDisabled": false,
            "name": "Kick Original Lakritskola",
            "code": "100275033_ST"
        },
        {
            "potentialPromotions": [
                {
                    "threshold": null,
                    "applied": false,
                    "campaignType": "GENERAL",
                    "offerStatus": null,
                    "productCodes": [
                        "101550213_ST",
                        "101550317_ST",
                        "101550318_ST"
                    ],
                    "promotionTheme": {
                        "code": "Z019",
                        "visible": null
                    },
                    "textLabelGenerated": "Alltid bra pris!",
                    "textLabelManual": null,
                    "lowestHistoricalPrice": null,
                    "price": {
                        "currencyIso": "SEK",
                        "value": 12.0,
                        "priceType": "BUY",
                        "formattedValue": "12,00 kr",
                        "minQuantity": null,
                        "maxQuantity": null
                    },
                    "promotionType": "MixMatchPricePromotion",
                    "conditionLabel": "2 för",
                    "rewardLabel": "24 kr",
                    "textLabel": "Alltid bra pris!",
                    "redeemLimitLabel": "",
                    "cartLabel": null,
                    "validUntil": null,
                    "timesUsed": null,
                    "qualifyingCount": 2,
                    "comparePrice": "240,00 kr",
                    "splashTitleText": "Alltid bra pris",
                    "realMixAndMatch": true,
                    "mainProductCode": "101550213_ST",
                    "conditionLabelFormatted": "",
                    "promotionRedeemLimit": null,
                    "promotionPercentage": null,
                    "cartLabelFormatted": "",
                    "priority": 208,
                    "code": "10009465284"
                }
            ],
            "inactivePotentialPromotions": [],
            "priceValue": 14.95,
            "price": "14,95 kr",
            "image": {
                "imageType": "PRIMARY",
                "format": "product",
                "url": "https://assets.axfood.se/image/upload/f_auto,t_200/07311041088128_C1N1_s01",
                "altText": null,
                "galleryIndex": null,
                "width": null
            },
            "ranking": 20.9110904214418,
            "depositPrice": "",
            "averageWeight": null,
            "comparePrice": "299,00 kr",
            "comparePriceUnit": "kg",
            "isDrugProduct": false,
            "solrSearchScore": 0.7614262700080872,
            "energyDeclaration": null,
            "newsSplashProduct": false,
            "notAllowedB2b": false,
            "notAllowedAnonymous": false,
            "productLine2": "SMART PETS, 50g",
            "pickupProductLine2": "SMART PETS, 50g",
            "priceUnit": "kr/st",
            "priceNoUnit": "14,95",
            "savingsAmount": 5.9,
            "googleAnalyticsCategory": "djur|katt|kattgodis",
            "gdprTrackingIncompliant": false,
            "nicotineMedicalProduct": false,
            "tobaccoFreeNicotineProduct": false,
            "nonEkoProduct": false,
            "precautionaryStatements": [],
            "hazards": [],
            "tobaccoProduct": false,
            "showGoodPriceIcon": true,
            "labels": [],
            "seoDescription": "",
            "seoTitle": "",
            "manufacturer": "Smart Pets",
            "incrementValue": 1.0,
            "productBasketType": {
                "code": "ST",
                "type": "ProductBasketTypeEnum"
            },
            "bargainProduct": false,
            "addToCartMessage": "",
            "thumbnail": {
                "imageType": "PRIMARY",
                "format": "thumbnail",
                "url": "https://assets.axfood.se/image/upload/f_auto,t_100/07311041088128_C1N1_s01",
                "altText": null,
                "galleryIndex": null,
                "width": null
            },
            "outOfStock": false,
            "online": true,
            "displayVolume": "50g",
            "addToCartDisabled": false,
            "name": "Lax Fyllda Kuddar Kattgodis",
            "code": "101550213_ST"
        },
        {
            "potentialPromotions": [
                {
                    "threshold": null,
                    "applied": false,
                    "campaignType": "GENERAL",
                    "offerStatus": null,
                    "productCodes": [
                        "101174269_ST"
                    ],
                    "promotionTheme": {
                        "code": "Z019",
                        "visible": null
                    },
                    "textLabelGenerated": "Alltid bra pris!",
                    "textLabelManual": null,
                    "lowestHistoricalPrice": null,
                    "price": {
                        "currencyIso": "SEK",
                        "value": 17.5,
                        "priceType": "BUY",
                        "formattedValue": "17,50 kr",
                        "minQuantity": null,
                        "maxQuantity": null
                    },
                    "promotionType": "MixMatchPricePromotion",
                    "conditionLabel": "2 för",
                    "rewardLabel": "35 kr",
                    "textLabel": "Alltid bra pris!",
                    "redeemLimitLabel": "",
                    "cartLabel": null,
                    "validUntil": null,
                    "timesUsed": null,
                    "qualifyingCount": 2,
                    "comparePrice": "77,78 kr",
                    "splashTitleText": "Alltid bra pris",
                    "realMixAndMatch": false,
                    "mainProductCode": "101174269_ST",
                    "conditionLabelFormatted": "",
                    "promotionRedeemLimit": null,
                    "promotionPercentage": null,
                    "cartLabelFormatted": "",
                    "priority": 208,
                    "code": "10009465283"
                }
            ],
            "inactivePotentialPromotions": [],
            "priceValue": 21.95,
            "price": "21,95 kr",
            "image": {
                "imageType": "PRIMARY",
                "format": "product",
                "url": "https://assets.axfood.se/image/upload/f_auto,t_200/07311041060322_C1L1_s04",
                "altText": null,
                "galleryIndex": null,
                "width": null
            },
            "ranking": 20.911090418165,
            "depositPrice": "",
            "averageWeight": null,
            "comparePrice": "97,55 kr",
            "comparePriceUnit": "kg",
            "isDrugProduct": false,
            "solrSearchScore": 0.7614262700080872,
            "energyDeclaration": null,
            "newsSplashProduct": false,
            "notAllowedB2b": false,
            "notAllowedAnonymous": false,
            "productLine2": "GARANT, 225g",
            "pickupProductLine2": "GARANT, 225g",
            "priceUnit": "kr/st",
            "priceNoUnit": "21,95",
            "savingsAmount": 8.9,
            "googleAnalyticsCategory": "frukt-och-gront|bar|frysta-bar",
            "gdprTrackingIncompliant": false,
            "nicotineMedicalProduct": false,
            "tobaccoFreeNicotineProduct": false,
            "nonEkoProduct": false,
            "precautionaryStatements": [],
            "hazards": [],
            "tobaccoProduct": false,
            "showGoodPriceIcon": true,
            "labels": [
                "keyhole"
            ],
            "seoDescription": "",
            "seoTitle": "",
            "manufacturer": "Garant",
            "incrementValue": 1.0,
            "productBasketType": {
                "code": "ST",
                "type": "ProductBasketTypeEnum"
            },
            "bargainProduct": false,
            "addToCartMessage": "",
            "thumbnail": {
                "imageType": "PRIMARY",
                "format": "thumbnail",
                "url": "https://assets.axfood.se/image/upload/f_auto,t_100/07311041060322_C1L1_s04",
                "altText": null,
                "galleryIndex": null,
                "width": null
            },
            "outOfStock": false,
            "online": true,
            "displayVolume": "225g",
            "addToCartDisabled": false,
            "name": "Jordgubbar Frysta",
            "code": "101174269_ST"
        },
        {
            "potentialPromotions": [
                {
                    "threshold": null,
                    "applied": false,
                    "campaignType": "GENERAL",
                    "offerStatus": null,
                    "productCodes": [
                        "101318906_ST",
                        "101318907_ST",
                        "101318938_ST",
                        "101318939_ST",
                        "101318942_ST",
                        "101318943_ST",
                        "101318944_ST",
                        "101672950_ST"
                    ],
                    "promotionTheme": {
                        "code": "Z019",
                        "visible": null
                    },
                    "textLabelGenerated": "Alltid bra pris!",
                    "textLabelManual": null,
                    "lowestHistoricalPrice": null,
                    "price": {
                        "currencyIso": "SEK",
                        "value": 16.0,
                        "priceType": "BUY",
                        "formattedValue": "16,00 kr",
                        "minQuantity": null,
                        "maxQuantity": null
                    },
                    "promotionType": "MixMatchPricePromotion",
                    "conditionLabel": "2 för",
                    "rewardLabel": "32 kr",
                    "textLabel": "Alltid bra pris!",
                    "redeemLimitLabel": "",
                    "cartLabel": null,
                    "validUntil": null,
                    "timesUsed": null,
                    "qualifyingCount": 2,
                    "comparePrice": "1,14 kr",
                    "splashTitleText": "Alltid bra pris",
                    "realMixAndMatch": true,
                    "mainProductCode": "101318906_ST",
                    "conditionLabelFormatted": "",
                    "promotionRedeemLimit": null,
                    "promotionPercentage": null,
                    "cartLabelFormatted": "",
                    "priority": 208,
                    "code": "10009465282"
                }
            ],
            "inactivePotentialPromotions": [],
            "priceValue": 17.95,
            "price": "17,95 kr",
            "image": {
                "imageType": "PRIMARY",
                "format": "product",
                "url": "https://assets.axfood.se/image/upload/f_auto,t_200/07340083483097_C1N1_s01",
                "altText": null,
                "galleryIndex": null,
                "width": null
            },
            "ranking": 20.9110904148882,
            "depositPrice": "",
            "averageWeight": null,
            "comparePrice": "1,28 kr",
            "comparePriceUnit": "st",
            "isDrugProduct": false,
            "solrSearchScore": 0.7614262700080872,
            "energyDeclaration": null,
            "newsSplashProduct": false,
            "notAllowedB2b": false,
            "notAllowedAnonymous": false,
            "productLine2": "INTUITION, 14p",
            "pickupProductLine2": "INTUITION, 14p",
            "priceUnit": "kr/st",
            "priceNoUnit": "17,95",
            "savingsAmount": 3.9,
            "googleAnalyticsCategory": "halsa-och-skonhet|intimhygien|bindor",
            "gdprTrackingIncompliant": false,
            "nicotineMedicalProduct": false,
            "tobaccoFreeNicotineProduct": false,
            "nonEkoProduct": false,
            "precautionaryStatements": [],
            "hazards": [],
            "tobaccoProduct": false,
            "showGoodPriceIcon": true,
            "labels": [],
            "seoDescription": "",
            "seoTitle": "",
            "manufacturer": "Intuition",
            "incrementValue": 1.0,
            "productBasketType": {
                "code": "ST",
                "type": "ProductBasketTypeEnum"
            },
            "bargainProduct": false,
            "addToCartMessage": "",
            "thumbnail": {
                "imageType": "PRIMARY",
                "format": "thumbnail",
                "url": "https://assets.axfood.se/image/upload/f_auto,t_100/07340083483097_C1N1_s01",
                "altText": null,
                "galleryIndex": null,
                "width": null
            },
            "outOfStock": false,
            "online": true,
            "displayVolume": "14p",
            "addToCartDisabled": false,
            "name": "Normal Ultra Tunn Binda med Vingar",
            "code": "101318906_ST"
        },
        {
            "potentialPromotions": [
                {
                    "threshold": null,
                    "applied": false,
                    "campaignType": "GENERAL",
                    "offerStatus": null,
                    "productCodes": [
                        "101279773_ST"
                    ],
                    "promotionTheme": {
                        "code": "Z019",
                        "visible": null
                    },
                    "textLabelGenerated": "Alltid bra pris!",
                    "textLabelManual": null,
                    "lowestHistoricalPrice": null,
                    "price": {
                        "currencyIso": "SEK",
                        "value": 10.0,
                        "priceType": "BUY",
                        "formattedValue": "10,00 kr",
                        "minQuantity": null,
                        "maxQuantity": null
                    },
                    "promotionType": "MixMatchPricePromotion",
                    "conditionLabel": "2 för",
                    "rewardLabel": "20 kr",
                    "textLabel": "Alltid bra pris!",
                    "redeemLimitLabel": "",
                    "cartLabel": null,
                    "validUntil": null,
                    "timesUsed": null,
                    "qualifyingCount": 2,
                    "comparePrice": "0,20 kr",
                    "splashTitleText": "Alltid bra pris",
                    "realMixAndMatch": false,
                    "mainProductCode": "101279773_ST",
                    "conditionLabelFormatted": "",
                    "promotionRedeemLimit": null,
                    "promotionPercentage": null,
                    "cartLabelFormatted": "",
                    "priority": 208,
                    "code": "10009465281"
                }
            ],
            "inactivePotentialPromotions": [],
            "priceValue": 12.95,
            "price": "12,95 kr",
            "image": {
                "imageType": "PRIMARY",
                "format": "product",
                "url": "https://assets.axfood.se/image/upload/f_auto,t_200/07340083467622_C1L1_s01",
                "altText": null,
                "galleryIndex": null,
                "width": null
            },
            "ranking": 20.9110904116114,
            "depositPrice": "",
            "averageWeight": null,
            "comparePrice": "0,26 kr",
            "comparePriceUnit": "st",
            "isDrugProduct": false,
            "solrSearchScore": 0.7614262700080872,
            "energyDeclaration": null,
            "newsSplashProduct": false,
            "notAllowedB2b": false,
            "notAllowedAnonymous": false,
            "productLine2": "FIRST PRICE, 50p",
            "pickupProductLine2": "FIRST PRICE, 50p",
            "priceUnit": "kr/st",
            "priceNoUnit": "12,95",
            "savingsAmount": 5.9,
            "googleAnalyticsCategory": "djur|hund|hundtillbehor",
            "gdprTrackingIncompliant": false,
            "nicotineMedicalProduct": false,
            "tobaccoFreeNicotineProduct": false,
            "nonEkoProduct": false,
            "precautionaryStatements": [],
            "hazards": [],
            "tobaccoProduct": false,
            "showGoodPriceIcon": true,
            "labels": [],
            "seoDescription": "",
            "seoTitle": "",
            "manufacturer": "First Price",
            "incrementValue": 1.0,
            "productBasketType": {
                "code": "ST",
                "type": "ProductBasketTypeEnum"
            },
            "bargainProduct": false,
            "addToCartMessage": "",
            "thumbnail": {
                "imageType": "PRIMARY",
                "format": "thumbnail",
                "url": "https://assets.axfood.se/image/upload/f_auto,t_100/07340083467622_C1L1_s01",
                "altText": null,
                "galleryIndex": null,
                "width": null
            },
            "outOfStock": false,
            "online": true,
            "displayVolume": "50p",
            "addToCartDisabled": false,
            "name": "Hundbajspåsar",
            "code": "101279773_ST"
        },
        {
            "potentialPromotions": [
                {
                    "threshold": null,
                    "applied": false,
                    "campaignType": "GENERAL",
                    "offerStatus": null,
                    "productCodes": [
                        "101551248_ST"
                    ],
                    "promotionTheme": {
                        "code": "Z019",
                        "visible": null
                    },
                    "textLabelGenerated": "Alltid bra pris!",
                    "textLabelManual": null,
                    "lowestHistoricalPrice": null,
                    "price": {
                        "currencyIso": "SEK",
                        "value": 14.0,
                        "priceType": "BUY",
                        "formattedValue": "14,00 kr",
                        "minQuantity": null,
                        "maxQuantity": null
                    },
                    "promotionType": "MixMatchPricePromotion",
                    "conditionLabel": "2 för",
                    "rewardLabel": "28 kr",
                    "textLabel": "Alltid bra pris!",
                    "redeemLimitLabel": "",
                    "cartLabel": null,
                    "validUntil": null,
                    "timesUsed": null,
                    "qualifyingCount": 2,
                    "comparePrice": "93,33 kr",
                    "splashTitleText": "Alltid bra pris",
                    "realMixAndMatch": false,
                    "mainProductCode": "101551248_ST",
                    "conditionLabelFormatted": "",
                    "promotionRedeemLimit": null,
                    "promotionPercentage": null,
                    "cartLabelFormatted": "",
                    "priority": 208,
                    "code": "10009465280"
                }
            ],
            "inactivePotentialPromotions": [],
            "priceValue": 18.5,
            "price": "18,50 kr",
            "image": {
                "imageType": "PRIMARY",
                "format": "product",
                "url": "https://assets.axfood.se/image/upload/f_auto,t_200/07311041087992_C1N1_s01",
                "altText": null,
                "galleryIndex": null,
                "width": null
            },
            "ranking": 20.9110904083346,
            "depositPrice": "",
            "averageWeight": null,
            "comparePrice": "123,33 kr",
            "comparePriceUnit": "kg",
            "isDrugProduct": false,
            "solrSearchScore": 0.7614262700080872,
            "energyDeclaration": null,
            "newsSplashProduct": false,
            "notAllowedB2b": false,
            "notAllowedAnonymous": false,
            "productLine2": "SMART PETS, 150g",
            "pickupProductLine2": "SMART PETS, 150g",
            "priceUnit": "kr/st",
            "priceNoUnit": "18,50",
            "savingsAmount": 9.0,
            "googleAnalyticsCategory": "djur|hund|hundgodis",
            "gdprTrackingIncompliant": false,
            "nicotineMedicalProduct": false,
            "tobaccoFreeNicotineProduct": false,
            "nonEkoProduct": false,
            "precautionaryStatements": [],
            "hazards": [],
            "tobaccoProduct": false,
            "showGoodPriceIcon": true,
            "labels": [],
            "seoDescription": "",
            "seoTitle": "",
            "manufacturer": "Smart Pets",
            "incrementValue": 1.0,
            "productBasketType": {
                "code": "ST",
                "type": "ProductBasketTypeEnum"
            },
            "bargainProduct": false,
            "addToCartMessage": "",
            "thumbnail": {
                "imageType": "PRIMARY",
                "format": "thumbnail",
                "url": "https://assets.axfood.se/image/upload/f_auto,t_100/07311041087992_C1N1_s01",
                "altText": null,
                "galleryIndex": null,
                "width": null
            },
            "outOfStock": false,
            "online": true,
            "displayVolume": "150g",
            "addToCartDisabled": false,
            "name": "Soft Bites Hundgodis",
            "code": "101551248_ST"
        },
        {
            "potentialPromotions": [
                {
                    "threshold": null,
                    "applied": false,
                    "campaignType": "GENERAL",
                    "offerStatus": null,
                    "productCodes": [
                        "101177031_ST",
                        "101222969_ST",
                        "101222987_ST",
                        "101223006_ST",
                        "101223013_ST"
                    ],
                    "promotionTheme": {
                        "code": "Z019",
                        "visible": null
                    },
                    "textLabelGenerated": "Alltid bra pris!",
                    "textLabelManual": null,
                    "lowestHistoricalPrice": null,
                    "price": {
                        "currencyIso": "SEK",
                        "value": 22.5,
                        "priceType": "BUY",
                        "formattedValue": "22,50 kr",
                        "minQuantity": null,
                        "maxQuantity": null
                    },
                    "promotionType": "MixMatchPricePromotion",
                    "conditionLabel": "2 för",
                    "rewardLabel": "45 kr",
                    "textLabel": "Alltid bra pris!",
                    "redeemLimitLabel": "",
                    "cartLabel": null,
                    "validUntil": null,
                    "timesUsed": null,
                    "qualifyingCount": 2,
                    "comparePrice": "136,36 kr",
                    "splashTitleText": "Alltid bra pris",
                    "realMixAndMatch": true,
                    "mainProductCode": "101177031_ST",
                    "conditionLabelFormatted": "",
                    "promotionRedeemLimit": null,
                    "promotionPercentage": null,
                    "cartLabelFormatted": "",
                    "priority": 208,
                    "code": "10009465279"
                }
            ],
            "inactivePotentialPromotions": [],
            "priceValue": 24.95,
            "price": "24,95 kr",
            "image": {
                "imageType": "PRIMARY",
                "format": "product",
                "url": "https://assets.axfood.se/image/upload/f_auto,t_200/07310240077575_C1N1_s01",
                "altText": null,
                "galleryIndex": null,
                "width": null
            },
            "ranking": 20.9110904050578,
            "depositPrice": "",
            "averageWeight": null,
            "comparePrice": "151,21 kr",
            "comparePriceUnit": "kg",
            "isDrugProduct": false,
            "solrSearchScore": 0.7614262700080872,
            "energyDeclaration": null,
            "newsSplashProduct": false,
            "notAllowedB2b": false,
            "notAllowedAnonymous": false,
            "productLine2": "GRANDIOSA, 165g",
            "pickupProductLine2": "GRANDIOSA, 165g",
            "priceUnit": "kr/st",
            "priceNoUnit": "24,95",
            "savingsAmount": 4.9,
            "googleAnalyticsCategory": "fryst|pizza-paj-och-piroger|pizza",
            "gdprTrackingIncompliant": false,
            "nicotineMedicalProduct": false,
            "tobaccoFreeNicotineProduct": false,
            "nonEkoProduct": false,
            "precautionaryStatements": [],
            "hazards": [],
            "tobaccoProduct": false,
            "showGoodPriceIcon": true,
            "labels": [],
            "seoDescription": "",
            "seoTitle": "",
            "manufacturer": "Grandiosa",
            "incrementValue": 1.0,
            "productBasketType": {
                "code": "ST",
                "type": "ProductBasketTypeEnum"
            },
            "bargainProduct": false,
            "addToCartMessage": "",
            "thumbnail": {
                "imageType": "PRIMARY",
                "format": "thumbnail",
                "url": "https://assets.axfood.se/image/upload/f_auto,t_100/07310240077575_C1N1_s01",
                "altText": null,
                "galleryIndex": null,
                "width": null
            },
            "outOfStock": false,
            "online": true,
            "displayVolume": "165g",
            "addToCartDisabled": false,
            "name": "Calzone X-tra Allt Pizza Fryst",
            "code": "101177031_ST"
        },
        {
            "potentialPromotions": [
                {
                    "threshold": null,
                    "applied": false,
                    "campaignType": "GENERAL",
                    "offerStatus": null,
                    "productCodes": [
                        "101545419_ST",
                        "101545420_ST",
                        "101545421_ST",
                        "101545422_ST",
                        "101545423_ST",
                        "101545425_ST"
                    ],
                    "promotionTheme": {
                        "code": "Z019",
                        "visible": null
                    },
                    "textLabelGenerated": "Alltid bra pris!",
                    "textLabelManual": null,
                    "lowestHistoricalPrice": null,
                    "price": {
                        "currencyIso": "SEK",
                        "value": 12.5,
                        "priceType": "BUY",
                        "formattedValue": "12,50 kr",
                        "minQuantity": null,
                        "maxQuantity": null
                    },
                    "promotionType": "MixMatchPricePromotion",
                    "conditionLabel": "2 för",
                    "rewardLabel": "25 kr",
                    "textLabel": "Alltid bra pris!",
                    "redeemLimitLabel": "",
                    "cartLabel": null,
                    "validUntil": null,
                    "timesUsed": null,
                    "qualifyingCount": 2,
                    "comparePrice": "138,89 kr",
                    "splashTitleText": "Alltid bra pris",
                    "realMixAndMatch": true,
                    "mainProductCode": "101545419_ST",
                    "conditionLabelFormatted": "",
                    "promotionRedeemLimit": null,
                    "promotionPercentage": null,
                    "cartLabelFormatted": "",
                    "priority": 208,
                    "code": "10009465278"
                }
            ],
            "inactivePotentialPromotions": [],
            "priceValue": 14.95,
            "price": "14,95 kr",
            "image": {
                "imageType": "PRIMARY",
                "format": "product",
                "url": "https://assets.axfood.se/image/upload/f_auto,t_200/07310350136902_C1N1_s01",
                "altText": null,
                "galleryIndex": null,
                "width": null
            },
            "ranking": 20.911090401781,
            "depositPrice": "",
            "averageWeight": null,
            "comparePrice": "166,11 kr",
            "comparePriceUnit": "kg",
            "isDrugProduct": false,
            "solrSearchScore": 0.7614262700080872,
            "energyDeclaration": null,
            "newsSplashProduct": false,
            "notAllowedB2b": false,
            "notAllowedAnonymous": false,
            "productLine2": "MALACO, 90g",
            "pickupProductLine2": "MALACO, 90g",
            "priceUnit": "kr/st",
            "priceNoUnit": "14,95",
            "savingsAmount": 4.9,
            "googleAnalyticsCategory": "godis-snacks-och-glass|godis|godispasar",
            "gdprTrackingIncompliant": false,
            "nicotineMedicalProduct": false,
            "tobaccoFreeNicotineProduct": false,
            "nonEkoProduct": false,
            "precautionaryStatements": [],
            "hazards": [],
            "tobaccoProduct": false,
            "showGoodPriceIcon": true,
            "labels": [],
            "seoDescription": "",
            "seoTitle": "",
            "manufacturer": "Malaco",
            "incrementValue": 1.0,
            "productBasketType": {
                "code": "ST",
                "type": "ProductBasketTypeEnum"
            },
            "bargainProduct": false,
            "addToCartMessage": "",
            "thumbnail": {
                "imageType": "PRIMARY",
                "format": "thumbnail",
                "url": "https://assets.axfood.se/image/upload/f_auto,t_100/07310350136902_C1N1_s01",
                "altText": null,
                "galleryIndex": null,
                "width": null
            },
            "outOfStock": false,
            "online": true,
            "displayVolume": "90g",
            "addToCartDisabled": false,
            "name": "Djungelvrål",
            "code": "101545419_ST"
        },
        {
            "potentialPromotions": [
                {
                    "threshold": null,
                    "applied": false,
                    "campaignType": "GENERAL",
                    "offerStatus": null,
                    "productCodes": [
                        "101194421_ST"
                    ],
                    "promotionTheme": {
                        "code": "Z019",
                        "visible": null
                    },
                    "textLabelGenerated": "Alltid bra pris!",
                    "textLabelManual": null,
                    "lowestHistoricalPrice": null,
                    "price": {
                        "currencyIso": "SEK",
                        "value": 10.0,
                        "priceType": "BUY",
                        "formattedValue": "10,00 kr",
                        "minQuantity": null,
                        "maxQuantity": null
                    },
                    "promotionType": "MixMatchPricePromotion",
                    "conditionLabel": "3 för",
                    "rewardLabel": "30 kr",
                    "textLabel": "Alltid bra pris!",
                    "redeemLimitLabel": "",
                    "cartLabel": null,
                    "validUntil": null,
                    "timesUsed": null,
                    "qualifyingCount": 3,
                    "comparePrice": "100,00 kr",
                    "splashTitleText": "Alltid bra pris",
                    "realMixAndMatch": false,
                    "mainProductCode": "101194421_ST",
                    "conditionLabelFormatted": "",
                    "promotionRedeemLimit": null,
                    "promotionPercentage": null,
                    "cartLabelFormatted": "",
                    "priority": 208,
                    "code": "10009465277"
                }
            ],
            "inactivePotentialPromotions": [],
            "priceValue": 12.95,
            "price": "12,95 kr",
            "image": {
                "imageType": "PRIMARY",
                "format": "product",
                "url": "https://assets.axfood.se/image/upload/f_auto,t_200/07350116920024_C1N1_s01",
                "altText": null,
                "galleryIndex": null,
                "width": null
            },
            "ranking": 20.9110903985042,
            "depositPrice": "",
            "averageWeight": null,
            "comparePrice": "129,50 kr",
            "comparePriceUnit": "kg",
            "isDrugProduct": false,
            "solrSearchScore": 0.7614262700080872,
            "energyDeclaration": null,
            "newsSplashProduct": false,
            "notAllowedB2b": false,
            "notAllowedAnonymous": false,
            "productLine2": "TWIN DRAGON, 100g",
            "pickupProductLine2": "TWIN DRAGON, 100g",
            "priceUnit": "kr/st",
            "priceNoUnit": "12,95",
            "savingsAmount": 8.85,
            "googleAnalyticsCategory": "skafferi|asien|nudlar-",
            "gdprTrackingIncompliant": false,
            "nicotineMedicalProduct": false,
            "tobaccoFreeNicotineProduct": false,
            "nonEkoProduct": false,
            "precautionaryStatements": [],
            "hazards": [],
            "tobaccoProduct": false,
            "showGoodPriceIcon": true,
            "labels": [],
            "seoDescription": "",
            "seoTitle": "",
            "manufacturer": "Twin Dragon",
            "incrementValue": 1.0,
            "productBasketType": {
                "code": "ST",
                "type": "ProductBasketTypeEnum"
            },
            "bargainProduct": false,
            "addToCartMessage": "",
            "thumbnail": {
                "imageType": "PRIMARY",
                "format": "thumbnail",
                "url": "https://assets.axfood.se/image/upload/f_auto,t_100/07350116920024_C1N1_s01",
                "altText": null,
                "galleryIndex": null,
                "width": null
            },
            "outOfStock": false,
            "online": true,
            "displayVolume": "100g",
            "addToCartDisabled": false,
            "name": "Glass Noodles",
            "code": "101194421_ST"
        },
        {
            "potentialPromotions": [
                {
                    "threshold": null,
                    "applied": false,
                    "campaignType": "GENERAL",
                    "offerStatus": null,
                    "productCodes": [
                        "101118595_ST",
                        "101118602_ST",
                        "101118611_ST",
                        "101118648_ST",
                        "101132132_ST",
                        "101140052_ST",
                        "101174894_ST",
                        "101274109_ST",
                        "101343626_ST",
                        "101343627_ST",
                        "101343648_ST",
                        "101343668_ST",
                        "101343669_ST"
                    ],
                    "promotionTheme": {
                        "code": "Z019",
                        "visible": null
                    },
                    "textLabelGenerated": "Alltid bra pris!",
                    "textLabelManual": null,
                    "lowestHistoricalPrice": null,
                    "price": {
                        "currencyIso": "SEK",
                        "value": 13.0,
                        "priceType": "BUY",
                        "formattedValue": "13,00 kr",
                        "minQuantity": null,
                        "maxQuantity": null
                    },
                    "promotionType": "MixMatchPricePromotion",
                    "conditionLabel": "2 för",
                    "rewardLabel": "26 kr",
                    "textLabel": "Alltid bra pris!",
                    "redeemLimitLabel": "",
                    "cartLabel": null,
                    "validUntil": null,
                    "timesUsed": null,
                    "qualifyingCount": 2,
                    "comparePrice": "0,65 kr",
                    "splashTitleText": "Alltid bra pris",
                    "realMixAndMatch": true,
                    "mainProductCode": "101118595_ST",
                    "conditionLabelFormatted": "",
                    "promotionRedeemLimit": null,
                    "promotionPercentage": null,
                    "cartLabelFormatted": "",
                    "priority": 208,
                    "code": "10009465276"
                }
            ],
            "inactivePotentialPromotions": [],
            "priceValue": 15.5,
            "price": "15,50 kr",
            "image": {
                "imageType": "PRIMARY",
                "format": "product",
                "url": "https://assets.axfood.se/image/upload/f_auto,t_200/07311041059739_C1L1_s02",
                "altText": null,
                "galleryIndex": null,
                "width": null
            },
            "ranking": 20.9110903952274,
            "depositPrice": "",
            "averageWeight": null,
            "comparePrice": "0,78 kr",
            "comparePriceUnit": "st",
            "isDrugProduct": false,
            "solrSearchScore": 0.7614262700080872,
            "energyDeclaration": null,
            "newsSplashProduct": false,
            "notAllowedB2b": false,
            "notAllowedAnonymous": false,
            "productLine2": "GARANT, 20p",
            "pickupProductLine2": "GARANT, 20p",
            "priceUnit": "kr/st",
            "priceNoUnit": "15,50",
            "savingsAmount": 5.0,
            "googleAnalyticsCategory": "skafferi|te-och-chokladdryck|te",
            "gdprTrackingIncompliant": false,
            "nicotineMedicalProduct": false,
            "tobaccoFreeNicotineProduct": false,
            "nonEkoProduct": false,
            "precautionaryStatements": [],
            "hazards": [],
            "tobaccoProduct": false,
            "showGoodPriceIcon": true,
            "labels": [
                "rainforest_alliance",
                "environmental_facet"
            ],
            "seoDescription": "",
            "seoTitle": "",
            "manufacturer": "Garant",
            "incrementValue": 1.0,
            "productBasketType": {
                "code": "ST",
                "type": "ProductBasketTypeEnum"
            },
            "bargainProduct": false,
            "addToCartMessage": "",
            "thumbnail": {
                "imageType": "PRIMARY",
                "format": "thumbnail",
                "url": "https://assets.axfood.se/image/upload/f_auto,t_100/07311041059739_C1L1_s02",
                "altText": null,
                "galleryIndex": null,
                "width": null
            },
            "outOfStock": false,
            "online": true,
            "displayVolume": "20p",
            "addToCartDisabled": false,
            "name": "Rooibos Citrongräs Blåklint Te",
            "code": "101118595_ST"
        },
        {
            "potentialPromotions": [
                {
                    "threshold": null,
                    "applied": false,
                    "campaignType": "GENERAL",
                    "offerStatus": null,
                    "productCodes": [
                        "101264516_ST"
                    ],
                    "promotionTheme": {
                        "code": "Z019",
                        "visible": null
                    },
                    "textLabelGenerated": "Alltid bra pris!",
                    "textLabelManual": null,
                    "lowestHistoricalPrice": null,
                    "price": {
                        "currencyIso": "SEK",
                        "value": 19.5,
                        "priceType": "BUY",
                        "formattedValue": "19,50 kr",
                        "minQuantity": null,
                        "maxQuantity": null
                    },
                    "promotionType": "MixMatchPricePromotion",
                    "conditionLabel": "2 för",
                    "rewardLabel": "39 kr",
                    "textLabel": "Alltid bra pris!",
                    "redeemLimitLabel": "",
                    "cartLabel": null,
                    "validUntil": null,
                    "timesUsed": null,
                    "qualifyingCount": 2,
                    "comparePrice": "86,67 kr",
                    "splashTitleText": "Alltid bra pris",
                    "realMixAndMatch": false,
                    "mainProductCode": "101264516_ST",
                    "conditionLabelFormatted": "",
                    "promotionRedeemLimit": null,
                    "promotionPercentage": null,
                    "cartLabelFormatted": "",
                    "priority": 208,
                    "code": "10009465275"
                }
            ],
            "inactivePotentialPromotions": [],
            "priceValue": 22.95,
            "price": "22,95 kr",
            "image": {
                "imageType": "PRIMARY",
                "format": "product",
                "url": "https://assets.axfood.se/image/upload/f_auto,t_200/07340083457036_C1L1_s01",
                "altText": null,
                "galleryIndex": null,
                "width": null
            },
            "ranking": 20.9110903919506,
            "depositPrice": "",
            "averageWeight": null,
            "comparePrice": "102,00 kr",
            "comparePriceUnit": "kg",
            "isDrugProduct": false,
            "solrSearchScore": 0.7614262700080872,
            "energyDeclaration": null,
            "newsSplashProduct": false,
            "notAllowedB2b": false,
            "notAllowedAnonymous": false,
            "productLine2": "GARANT, 225g",
            "pickupProductLine2": "GARANT, 225g",
            "priceUnit": "kr/st",
            "priceNoUnit": "22,95",
            "savingsAmount": 6.9,
            "googleAnalyticsCategory": "frukt-och-gront|bar|frysta-bar",
            "gdprTrackingIncompliant": false,
            "nicotineMedicalProduct": false,
            "tobaccoFreeNicotineProduct": false,
            "nonEkoProduct": false,
            "precautionaryStatements": [],
            "hazards": [],
            "tobaccoProduct": false,
            "showGoodPriceIcon": true,
            "labels": [
                "keyhole"
            ],
            "seoDescription": "",
            "seoTitle": "",
            "manufacturer": "Garant",
            "incrementValue": 1.0,
            "productBasketType": {
                "code": "ST",
                "type": "ProductBasketTypeEnum"
            },
            "bargainProduct": false,
            "addToCartMessage": "",
            "thumbnail": {
                "imageType": "PRIMARY",
                "format": "thumbnail",
                "url": "https://assets.axfood.se/image/upload/f_auto,t_100/07340083457036_C1L1_s01",
                "altText": null,
                "galleryIndex": null,
                "width": null
            },
            "outOfStock": false,
            "online": true,
            "displayVolume": "225g",
            "addToCartDisabled": false,
            "name": "Mango Bitar Frysta",
            "code": "101264516_ST"
        },
        {
            "potentialPromotions": [
                {
                    "threshold": null,
                    "applied": false,
                    "campaignType": "GENERAL",
                    "offerStatus": null,
                    "productCodes": [
                        "101435537_ST",
                        "101435578_ST",
                        "101551040_ST"
                    ],
                    "promotionTheme": {
                        "code": "Z019",
                        "visible": null
                    },
                    "textLabelGenerated": "Alltid bra pris!",
                    "textLabelManual": null,
                    "lowestHistoricalPrice": null,
                    "price": {
                        "currencyIso": "SEK",
                        "value": 17.5,
                        "priceType": "BUY",
                        "formattedValue": "17,50 kr",
                        "minQuantity": null,
                        "maxQuantity": null
                    },
                    "promotionType": "MixMatchPricePromotion",
                    "conditionLabel": "2 för",
                    "rewardLabel": "35 kr",
                    "textLabel": "Alltid bra pris!",
                    "redeemLimitLabel": "",
                    "cartLabel": null,
                    "validUntil": null,
                    "timesUsed": null,
                    "qualifyingCount": 2,
                    "comparePrice": "116,67 kr",
                    "splashTitleText": "Alltid bra pris",
                    "realMixAndMatch": true,
                    "mainProductCode": "101435537_ST",
                    "conditionLabelFormatted": "",
                    "promotionRedeemLimit": null,
                    "promotionPercentage": null,
                    "cartLabelFormatted": "",
                    "priority": 208,
                    "code": "10009465274"
                }
            ],
            "inactivePotentialPromotions": [],
            "priceValue": 19.95,
            "price": "19,95 kr",
            "image": {
                "imageType": "PRIMARY",
                "format": "product",
                "url": "https://assets.axfood.se/image/upload/f_auto,t_200/07311043000548_C1N1_s01",
                "altText": null,
                "galleryIndex": null,
                "width": null
            },
            "ranking": 20.9110903886738,
            "depositPrice": "",
            "averageWeight": null,
            "comparePrice": "133,00 kr",
            "comparePriceUnit": "kg",
            "isDrugProduct": false,
            "solrSearchScore": 0.7614262700080872,
            "energyDeclaration": null,
            "newsSplashProduct": false,
            "notAllowedB2b": false,
            "notAllowedAnonymous": false,
            "productLine2": "ELDORADO, 150g",
            "pickupProductLine2": "ELDORADO, 150g",
            "priceUnit": "kr/st",
            "priceNoUnit": "19,95",
            "savingsAmount": 4.9,
            "googleAnalyticsCategory": "godis-snacks-och-glass|chips-och-ostbagar|chips",
            "gdprTrackingIncompliant": false,
            "nicotineMedicalProduct": false,
            "tobaccoFreeNicotineProduct": false,
            "nonEkoProduct": false,
            "precautionaryStatements": [],
            "hazards": [],
            "tobaccoProduct": false,
            "showGoodPriceIcon": true,
            "labels": [],
            "seoDescription": "",
            "seoTitle": "",
            "manufacturer": "Eldorado",
            "incrementValue": 1.0,
            "productBasketType": {
                "code": "ST",
                "type": "ProductBasketTypeEnum"
            },
            "bargainProduct": false,
            "addToCartMessage": "",
            "thumbnail": {
                "imageType": "PRIMARY",
                "format": "thumbnail",
                "url": "https://assets.axfood.se/image/upload/f_auto,t_100/07311043000548_C1N1_s01",
                "altText": null,
                "galleryIndex": null,
                "width": null
            },
            "outOfStock": false,
            "online": true,
            "displayVolume": "150g",
            "addToCartDisabled": false,
            "name": "Saltade Rustika Chips",
            "code": "101435537_ST"
        },
        {
            "potentialPromotions": [
                {
                    "threshold": null,
                    "applied": false,
                    "campaignType": "GENERAL",
                    "offerStatus": null,
                    "productCodes": [
                        "101285455_ST",
                        "101299599_ST",
                        "101656450_ST"
                    ],
                    "promotionTheme": {
                        "code": "Z019",
                        "visible": null
                    },
                    "textLabelGenerated": "Alltid bra pris!",
                    "textLabelManual": null,
                    "lowestHistoricalPrice": null,
                    "price": {
                        "currencyIso": "SEK",
                        "value": 14.0,
                        "priceType": "BUY",
                        "formattedValue": "14,00 kr",
                        "minQuantity": null,
                        "maxQuantity": null
                    },
                    "promotionType": "MixMatchPricePromotion",
                    "conditionLabel": "2 för",
                    "rewardLabel": "28 kr",
                    "textLabel": "Alltid bra pris!",
                    "redeemLimitLabel": "",
                    "cartLabel": null,
                    "validUntil": null,
                    "timesUsed": null,
                    "qualifyingCount": 2,
                    "comparePrice": "35,90 kr",
                    "splashTitleText": "Alltid bra pris",
                    "realMixAndMatch": true,
                    "mainProductCode": "101285455_ST",
                    "conditionLabelFormatted": "",
                    "promotionRedeemLimit": null,
                    "promotionPercentage": null,
                    "cartLabelFormatted": "",
                    "priority": 208,
                    "code": "10009465273"
                }
            ],
            "inactivePotentialPromotions": [],
            "priceValue": 15.95,
            "price": "15,95 kr",
            "image": {
                "imageType": "PRIMARY",
                "format": "product",
                "url": "https://assets.axfood.se/image/upload/f_auto,t_200/07340083469619_C1L1_s02",
                "altText": null,
                "galleryIndex": null,
                "width": null
            },
            "ranking": 20.911090385397,
            "depositPrice": "",
            "averageWeight": null,
            "comparePrice": "40,90 kr",
            "comparePriceUnit": "kg",
            "isDrugProduct": false,
            "solrSearchScore": 0.7614262700080872,
            "energyDeclaration": null,
            "newsSplashProduct": false,
            "notAllowedB2b": false,
            "notAllowedAnonymous": false,
            "productLine2": "GARANT EKO, 390g",
            "pickupProductLine2": "GARANT EKO, 390g",
            "priceUnit": "kr/st",
            "priceNoUnit": "15,95",
            "savingsAmount": 3.9,
            "googleAnalyticsCategory": "skafferi|konserver-och-burkar|tomatkonserver",
            "gdprTrackingIncompliant": false,
            "nicotineMedicalProduct": false,
            "tobaccoFreeNicotineProduct": false,
            "nonEkoProduct": false,
            "precautionaryStatements": [],
            "hazards": [],
            "tobaccoProduct": false,
            "showGoodPriceIcon": true,
            "labels": [
                "ecological",
                "eu_ecological",
                "keyhole"
            ],
            "seoDescription": "",
            "seoTitle": "",
            "manufacturer": "Garant Eko",
            "incrementValue": 1.0,
            "productBasketType": {
                "code": "ST",
                "type": "ProductBasketTypeEnum"
            },
            "bargainProduct": false,
            "addToCartMessage": "",
            "thumbnail": {
                "imageType": "PRIMARY",
                "format": "thumbnail",
                "url": "https://assets.axfood.se/image/upload/f_auto,t_100/07340083469619_C1L1_s02",
                "altText": null,
                "galleryIndex": null,
                "width": null
            },
            "outOfStock": false,
            "online": true,
            "displayVolume": "390g",
            "addToCartDisabled": false,
            "name": "Passerade Tomater Ekologiska",
            "code": "101285455_ST"
        },
        {
            "potentialPromotions": [
                {
                    "threshold": null,
                    "applied": false,
                    "campaignType": "GENERAL",
                    "offerStatus": null,
                    "productCodes": [
                        "101261711_ST",
                        "101261712_ST",
                        "101278142_ST",
                        "101289313_ST",
                        "101289314_ST",
                        "101331912_ST",
                        "101339789_ST",
                        "101339790_ST",
                        "101339791_ST",
                        "101339792_ST",
                        "101433784_ST",
                        "101540498_ST",
                        "101540499_ST"
                    ],
                    "promotionTheme": {
                        "code": "Z019",
                        "visible": null
                    },
                    "textLabelGenerated": "Alltid bra pris!",
                    "textLabelManual": null,
                    "lowestHistoricalPrice": null,
                    "price": {
                        "currencyIso": "SEK",
                        "value": 12.0,
                        "priceType": "BUY",
                        "formattedValue": "12,00 kr",
                        "minQuantity": null,
                        "maxQuantity": null
                    },
                    "promotionType": "MixMatchPricePromotion",
                    "conditionLabel": "3 för",
                    "rewardLabel": "36 kr",
                    "textLabel": "Alltid bra pris!",
                    "redeemLimitLabel": "",
                    "cartLabel": null,
                    "validUntil": null,
                    "timesUsed": null,
                    "qualifyingCount": 3,
                    "comparePrice": "100,00 kr",
                    "splashTitleText": "Alltid bra pris",
                    "realMixAndMatch": true,
                    "mainProductCode": "101261711_ST",
                    "conditionLabelFormatted": "",
                    "promotionRedeemLimit": null,
                    "promotionPercentage": null,
                    "cartLabelFormatted": "",
                    "priority": 208,
                    "code": "10009465272"
                }
            ],
            "inactivePotentialPromotions": [],
            "priceValue": 12.95,
            "price": "12,95 kr",
            "image": {
                "imageType": "PRIMARY",
                "format": "product",
                "url": "https://assets.axfood.se/image/upload/f_auto,t_200/07340083453946_C1N1_s01",
                "altText": null,
                "galleryIndex": null,
                "width": null
            },
            "ranking": 20.9110903821202,
            "depositPrice": "",
            "averageWeight": null,
            "comparePrice": "107,92 kr",
            "comparePriceUnit": "kg",
            "isDrugProduct": false,
            "solrSearchScore": 0.7614262700080872,
            "energyDeclaration": null,
            "newsSplashProduct": false,
            "notAllowedB2b": false,
            "notAllowedAnonymous": false,
            "productLine2": "MINSTINGEN, 120g",
            "pickupProductLine2": "MINSTINGEN, 120g",
            "priceUnit": "kr/st",
            "priceNoUnit": "12,95",
            "savingsAmount": 2.85,
            "googleAnalyticsCategory": "|alla-varor|c|",
            "gdprTrackingIncompliant": false,
            "nicotineMedicalProduct": false,
            "tobaccoFreeNicotineProduct": false,
            "nonEkoProduct": false,
            "precautionaryStatements": [],
            "hazards": [],
            "tobaccoProduct": false,
            "showGoodPriceIcon": true,
            "labels": [
                "ecological",
                "eu_ecological"
            ],
            "seoDescription": "",
            "seoTitle": "",
            "manufacturer": "Minstingen",
            "incrementValue": 1.0,
            "productBasketType": {
                "code": "ST",
                "type": "ProductBasketTypeEnum"
            },
            "bargainProduct": false,
            "addToCartMessage": "",
            "thumbnail": {
                "imageType": "PRIMARY",
                "format": "thumbnail",
                "url": "https://assets.axfood.se/image/upload/f_auto,t_100/07340083453946_C1N1_s01",
                "altText": null,
                "galleryIndex": null,
                "width": null
            },
            "outOfStock": false,
            "online": true,
            "displayVolume": "120g",
            "addToCartDisabled": false,
            "name": "Fruktgröt Banan Jordgubb Från 6 Månader",
            "code": "101261711_ST"
        },
        {
            "potentialPromotions": [
                {
                    "threshold": null,
                    "applied": false,
                    "campaignType": "GENERAL",
                    "offerStatus": null,
                    "productCodes": [
                        "101260398_ST",
                        "101260431_ST",
                        "101260433_ST",
                        "101274543_ST",
                        "101274544_ST"
                    ],
                    "promotionTheme": {
                        "code": "Z019",
                        "visible": null
                    },
                    "textLabelGenerated": "Alltid bra pris!",
                    "textLabelManual": null,
                    "lowestHistoricalPrice": null,
                    "price": {
                        "currencyIso": "SEK",
                        "value": 10.0,
                        "priceType": "BUY",
                        "formattedValue": "10,00 kr",
                        "minQuantity": null,
                        "maxQuantity": null
                    },
                    "promotionType": "MixMatchPricePromotion",
                    "conditionLabel": "3 för",
                    "rewardLabel": "30 kr",
                    "textLabel": "Alltid bra pris!",
                    "redeemLimitLabel": "",
                    "cartLabel": null,
                    "validUntil": null,
                    "timesUsed": null,
                    "qualifyingCount": 3,
                    "comparePrice": "111,11 kr",
                    "splashTitleText": "Alltid bra pris",
                    "realMixAndMatch": true,
                    "mainProductCode": "101260398_ST",
                    "conditionLabelFormatted": "",
                    "promotionRedeemLimit": null,
                    "promotionPercentage": null,
                    "cartLabelFormatted": "",
                    "priority": 208,
                    "code": "10009465271"
                }
            ],
            "inactivePotentialPromotions": [],
            "priceValue": 10.95,
            "price": "10,95 kr",
            "image": {
                "imageType": "PRIMARY",
                "format": "product",
                "url": "https://assets.axfood.se/image/upload/f_auto,t_200/07340083453977_C1N1_s01",
                "altText": null,
                "galleryIndex": null,
                "width": null
            },
            "ranking": 20.9110903788434,
            "depositPrice": "",
            "averageWeight": null,
            "comparePrice": "121,67 kr",
            "comparePriceUnit": "kg",
            "isDrugProduct": false,
            "solrSearchScore": 0.7614262700080872,
            "energyDeclaration": null,
            "newsSplashProduct": false,
            "notAllowedB2b": false,
            "notAllowedAnonymous": false,
            "productLine2": "MINSTINGEN, 90g",
            "pickupProductLine2": "MINSTINGEN, 90g",
            "priceUnit": "kr/st",
            "priceNoUnit": "10,95",
            "savingsAmount": 2.85,
            "googleAnalyticsCategory": "barn|barnmat-och-fruktdryck|barnmat-5-6-man",
            "gdprTrackingIncompliant": false,
            "nicotineMedicalProduct": false,
            "tobaccoFreeNicotineProduct": false,
            "nonEkoProduct": false,
            "precautionaryStatements": [],
            "hazards": [],
            "tobaccoProduct": false,
            "showGoodPriceIcon": true,
            "labels": [
                "ecological",
                "eu_ecological"
            ],
            "seoDescription": "",
            "seoTitle": "",
            "manufacturer": "Minstingen",
            "incrementValue": 1.0,
            "productBasketType": {
                "code": "ST",
                "type": "ProductBasketTypeEnum"
            },
            "bargainProduct": false,
            "addToCartMessage": "",
            "thumbnail": {
                "imageType": "PRIMARY",
                "format": "thumbnail",
                "url": "https://assets.axfood.se/image/upload/f_auto,t_100/07340083453977_C1N1_s01",
                "altText": null,
                "galleryIndex": null,
                "width": null
            },
            "outOfStock": false,
            "online": true,
            "displayVolume": "90g",
            "addToCartDisabled": false,
            "name": "Jordgubb Banan Puré Eko Klämmis Från 6 Månader",
            "code": "101260398_ST"
        },
        {
            "potentialPromotions": [
                {
                    "threshold": null,
                    "applied": false,
                    "campaignType": "GENERAL",
                    "offerStatus": null,
                    "productCodes": [
                        "101608101_ST",
                        "101608103_ST",
                        "101608104_ST",
                        "101608106_ST"
                    ],
                    "promotionTheme": {
                        "code": "Z019",
                        "visible": null
                    },
                    "textLabelGenerated": "Alltid bra pris!",
                    "textLabelManual": null,
                    "lowestHistoricalPrice": null,
                    "price": {
                        "currencyIso": "SEK",
                        "value": 25.0,
                        "priceType": "BUY",
                        "formattedValue": "25,00 kr",
                        "minQuantity": null,
                        "maxQuantity": null
                    },
                    "promotionType": "MixMatchPricePromotion",
                    "conditionLabel": "2 för",
                    "rewardLabel": "50 kr",
                    "textLabel": "Alltid bra pris!",
                    "redeemLimitLabel": "",
                    "cartLabel": null,
                    "validUntil": null,
                    "timesUsed": null,
                    "qualifyingCount": 2,
                    "comparePrice": "55,56 kr",
                    "splashTitleText": "Alltid bra pris",
                    "realMixAndMatch": true,
                    "mainProductCode": "101608101_ST",
                    "conditionLabelFormatted": "",
                    "promotionRedeemLimit": null,
                    "promotionPercentage": null,
                    "cartLabelFormatted": "",
                    "priority": 208,
                    "code": "10009465270"
                }
            ],
            "inactivePotentialPromotions": [],
            "priceValue": 28.95,
            "price": "28,95 kr",
            "image": {
                "imageType": "PRIMARY",
                "format": "product",
                "url": "https://assets.axfood.se/image/upload/f_auto,t_200/04002359021022_C1N1_s01",
                "altText": null,
                "galleryIndex": null,
                "width": null
            },
            "ranking": 20.9110903755666,
            "depositPrice": "",
            "averageWeight": null,
            "comparePrice": "64,33 kr",
            "comparePriceUnit": "kg",
            "isDrugProduct": false,
            "solrSearchScore": 0.7614262700080872,
            "energyDeclaration": null,
            "newsSplashProduct": false,
            "notAllowedB2b": false,
            "notAllowedAnonymous": false,
            "productLine2": "DOLMIO, 450g",
            "pickupProductLine2": "DOLMIO, 450g",
            "priceUnit": "kr/st",
            "priceNoUnit": "28,95",
            "savingsAmount": 7.9,
            "googleAnalyticsCategory": "skafferi|kryddor-och-smaksattare|saser",
            "gdprTrackingIncompliant": false,
            "nicotineMedicalProduct": false,
            "tobaccoFreeNicotineProduct": false,
            "nonEkoProduct": false,
            "precautionaryStatements": [],
            "hazards": [],
            "tobaccoProduct": false,
            "showGoodPriceIcon": true,
            "labels": [],
            "seoDescription": "",
            "seoTitle": "",
            "manufacturer": "Dolmio",
            "incrementValue": 1.0,
            "productBasketType": {
                "code": "ST",
                "type": "ProductBasketTypeEnum"
            },
            "bargainProduct": false,
            "addToCartMessage": "",
            "thumbnail": {
                "imageType": "PRIMARY",
                "format": "thumbnail",
                "url": "https://assets.axfood.se/image/upload/f_auto,t_100/04002359021022_C1N1_s01",
                "altText": null,
                "galleryIndex": null,
                "width": null
            },
            "outOfStock": false,
            "online": true,
            "displayVolume": "450g",
            "addToCartDisabled": false,
            "name": "Original",
            "code": "101608101_ST"
        },
        {
            "potentialPromotions": [
                {
                    "threshold": null,
                    "applied": false,
                    "campaignType": "GENERAL",
                    "offerStatus": null,
                    "productCodes": [
                        "100593617_ST",
                        "101134292_ST"
                    ],
                    "promotionTheme": {
                        "code": "Z019",
                        "visible": null
                    },
                    "textLabelGenerated": "Alltid bra pris!",
                    "textLabelManual": null,
                    "lowestHistoricalPrice": null,
                    "price": {
                        "currencyIso": "SEK",
                        "value": 15.0,
                        "priceType": "BUY",
                        "formattedValue": "15,00 kr",
                        "minQuantity": null,
                        "maxQuantity": null
                    },
                    "promotionType": "MixMatchPricePromotion",
                    "conditionLabel": "2 för",
                    "rewardLabel": "30 kr",
                    "textLabel": "Alltid bra pris!",
                    "redeemLimitLabel": "",
                    "cartLabel": null,
                    "validUntil": null,
                    "timesUsed": null,
                    "qualifyingCount": 2,
                    "comparePrice": "3,75 kr",
                    "splashTitleText": "Alltid bra pris",
                    "realMixAndMatch": true,
                    "mainProductCode": "100593617_ST",
                    "conditionLabelFormatted": "",
                    "promotionRedeemLimit": null,
                    "promotionPercentage": null,
                    "cartLabelFormatted": "",
                    "priority": 208,
                    "code": "10009465269"
                }
            ],
            "inactivePotentialPromotions": [],
            "priceValue": 17.5,
            "price": "17,50 kr",
            "image": {
                "imageType": "PRIMARY",
                "format": "product",
                "url": "https://assets.axfood.se/image/upload/f_auto,t_200/07311041019108_C1N1_s01",
                "altText": null,
                "galleryIndex": null,
                "width": null
            },
            "ranking": 20.9110903722898,
            "depositPrice": "",
            "averageWeight": null,
            "comparePrice": "4,38 kr",
            "comparePriceUnit": "st",
            "isDrugProduct": false,
            "solrSearchScore": 0.7614262700080872,
            "energyDeclaration": null,
            "newsSplashProduct": false,
            "notAllowedB2b": false,
            "notAllowedAnonymous": false,
            "productLine2": "FIXA, 4p",
            "pickupProductLine2": "FIXA, 4p",
            "priceUnit": "kr/st",
            "priceNoUnit": "17,50",
            "savingsAmount": 5.0,
            "googleAnalyticsCategory": "",
            "gdprTrackingIncompliant": false,
            "nicotineMedicalProduct": false,
            "tobaccoFreeNicotineProduct": false,
            "nonEkoProduct": false,
            "precautionaryStatements": [],
            "hazards": [],
            "tobaccoProduct": false,
            "showGoodPriceIcon": true,
            "labels": [],
            "seoDescription": "",
            "seoTitle": "",
            "manufacturer": "Fixa",
            "incrementValue": 1.0,
            "productBasketType": {
                "code": "ST",
                "type": "ProductBasketTypeEnum"
            },
            "bargainProduct": false,
            "addToCartMessage": "",
            "thumbnail": {
                "imageType": "PRIMARY",
                "format": "thumbnail",
                "url": "https://assets.axfood.se/image/upload/f_auto,t_100/07311041019108_C1N1_s01",
                "altText": null,
                "galleryIndex": null,
                "width": null
            },
            "outOfStock": false,
            "online": true,
            "displayVolume": "4p",
            "addToCartDisabled": false,
            "name": "Diskduk",
            "code": "100593617_ST"
        },
        {
            "potentialPromotions": [
                {
                    "threshold": null,
                    "applied": false,
                    "campaignType": "GENERAL",
                    "offerStatus": null,
                    "productCodes": [
                        "101187097_ST"
                    ],
                    "promotionTheme": {
                        "code": "Z019",
                        "visible": null
                    },
                    "textLabelGenerated": "Alltid bra pris!",
                    "textLabelManual": null,
                    "lowestHistoricalPrice": null,
                    "price": {
                        "currencyIso": "SEK",
                        "value": 9.5,
                        "priceType": "BUY",
                        "formattedValue": "9,50 kr",
                        "minQuantity": null,
                        "maxQuantity": null
                    },
                    "promotionType": "MixMatchPricePromotion",
                    "conditionLabel": "2 för",
                    "rewardLabel": "19 kr",
                    "textLabel": "Alltid bra pris!",
                    "redeemLimitLabel": "",
                    "cartLabel": null,
                    "validUntil": null,
                    "timesUsed": null,
                    "qualifyingCount": 2,
                    "comparePrice": "9,50 kr",
                    "splashTitleText": "Alltid bra pris",
                    "realMixAndMatch": false,
                    "mainProductCode": "101187097_ST",
                    "conditionLabelFormatted": "",
                    "promotionRedeemLimit": null,
                    "promotionPercentage": null,
                    "cartLabelFormatted": "",
                    "priority": 208,
                    "code": "10009465268"
                }
            ],
            "inactivePotentialPromotions": [],
            "priceValue": 12.95,
            "price": "12,95 kr",
            "image": {
                "imageType": "PRIMARY",
                "format": "product",
                "url": "https://assets.axfood.se/image/upload/f_auto,t_200/07340083400087_C1N1_s03",
                "altText": null,
                "galleryIndex": null,
                "width": null
            },
            "ranking": 20.911090369013,
            "depositPrice": "",
            "averageWeight": null,
            "comparePrice": "12,95 kr",
            "comparePriceUnit": "st",
            "isDrugProduct": false,
            "solrSearchScore": 0.7614262700080872,
            "energyDeclaration": null,
            "newsSplashProduct": false,
            "notAllowedB2b": false,
            "notAllowedAnonymous": false,
            "productLine2": "FIXA, 1p",
            "pickupProductLine2": "FIXA, 1p",
            "priceUnit": "kr/st",
            "priceNoUnit": "12,95",
            "savingsAmount": 6.9,
            "googleAnalyticsCategory": "hem-och-hushall|disk|disktillbehor",
            "gdprTrackingIncompliant": false,
            "nicotineMedicalProduct": false,
            "tobaccoFreeNicotineProduct": false,
            "nonEkoProduct": false,
            "precautionaryStatements": [],
            "hazards": [],
            "tobaccoProduct": false,
            "showGoodPriceIcon": true,
            "labels": [],
            "seoDescription": "",
            "seoTitle": "",
            "manufacturer": "Fixa",
            "incrementValue": 1.0,
            "productBasketType": {
                "code": "ST",
                "type": "ProductBasketTypeEnum"
            },
            "bargainProduct": false,
            "addToCartMessage": "",
            "thumbnail": {
                "imageType": "PRIMARY",
                "format": "thumbnail",
                "url": "https://assets.axfood.se/image/upload/f_auto,t_100/07340083400087_C1N1_s03",
                "altText": null,
                "galleryIndex": null,
                "width": null
            },
            "outOfStock": false,
            "online": true,
            "displayVolume": "1p",
            "addToCartDisabled": false,
            "name": "Diskborste",
            "code": "101187097_ST"
        },
        {
            "potentialPromotions": [
                {
                    "threshold": null,
                    "applied": false,
                    "campaignType": "GENERAL",
                    "offerStatus": null,
                    "productCodes": [
                        "101551167_ST"
                    ],
                    "promotionTheme": {
                        "code": "Z019",
                        "visible": null
                    },
                    "textLabelGenerated": "Alltid bra pris!",
                    "textLabelManual": null,
                    "lowestHistoricalPrice": null,
                    "price": {
                        "currencyIso": "SEK",
                        "value": 17.5,
                        "priceType": "BUY",
                        "formattedValue": "17,50 kr",
                        "minQuantity": null,
                        "maxQuantity": null
                    },
                    "promotionType": "MixMatchPricePromotion",
                    "conditionLabel": "2 för",
                    "rewardLabel": "35 kr",
                    "textLabel": "Alltid bra pris!",
                    "redeemLimitLabel": "",
                    "cartLabel": null,
                    "validUntil": null,
                    "timesUsed": null,
                    "qualifyingCount": 2,
                    "comparePrice": "97,22 kr",
                    "splashTitleText": "Alltid bra pris",
                    "realMixAndMatch": false,
                    "mainProductCode": "101551167_ST",
                    "conditionLabelFormatted": "",
                    "promotionRedeemLimit": null,
                    "promotionPercentage": null,
                    "cartLabelFormatted": "",
                    "priority": 208,
                    "code": "10009465267"
                }
            ],
            "inactivePotentialPromotions": [],
            "priceValue": 18.5,
            "price": "18,50 kr",
            "image": {
                "imageType": "PRIMARY",
                "format": "product",
                "url": "https://assets.axfood.se/image/upload/f_auto,t_200/07311041088005_C1N1_s01",
                "altText": null,
                "galleryIndex": null,
                "width": null
            },
            "ranking": 20.9110903657362,
            "depositPrice": "",
            "averageWeight": null,
            "comparePrice": "102,78 kr",
            "comparePriceUnit": "kg",
            "isDrugProduct": false,
            "solrSearchScore": 0.7614262700080872,
            "energyDeclaration": null,
            "newsSplashProduct": false,
            "notAllowedB2b": false,
            "notAllowedAnonymous": false,
            "productLine2": "SMART PETS, 180g",
            "pickupProductLine2": "SMART PETS, 180g",
            "priceUnit": "kr/st",
            "priceNoUnit": "18,50",
            "savingsAmount": 2.0,
            "googleAnalyticsCategory": "djur|hund|hundgodis",
            "gdprTrackingIncompliant": false,
            "nicotineMedicalProduct": false,
            "tobaccoFreeNicotineProduct": false,
            "nonEkoProduct": false,
            "precautionaryStatements": [],
            "hazards": [],
            "tobaccoProduct": false,
            "showGoodPriceIcon": true,
            "labels": [],
            "seoDescription": "",
            "seoTitle": "",
            "manufacturer": "Smart Pets",
            "incrementValue": 1.0,
            "productBasketType": {
                "code": "ST",
                "type": "ProductBasketTypeEnum"
            },
            "bargainProduct": false,
            "addToCartMessage": "",
            "thumbnail": {
                "imageType": "PRIMARY",
                "format": "thumbnail",
                "url": "https://assets.axfood.se/image/upload/f_auto,t_100/07311041088005_C1N1_s01",
                "altText": null,
                "galleryIndex": null,
                "width": null
            },
            "outOfStock": false,
            "online": true,
            "displayVolume": "180g",
            "addToCartDisabled": false,
            "name": "Denta Sticks Hunddental 7-pack",
            "code": "101551167_ST"
        },
        {
            "potentialPromotions": [
                {
                    "threshold": null,
                    "applied": false,
                    "campaignType": "GENERAL",
                    "offerStatus": null,
                    "productCodes": [
                        "101331580_ST",
                        "101331813_ST",
                        "101410734_ST",
                        "101410735_ST",
                        "101542778_ST",
                        "101542779_ST",
                        "101670889_ST",
                        "101670890_ST",
                        "101804981_ST",
                        "101760630_ST",
                        "101323856_ST"
                    ],
                    "promotionTheme": {
                        "code": "Z019",
                        "visible": null
                    },
                    "textLabelGenerated": "Alltid bra pris!",
                    "textLabelManual": null,
                    "lowestHistoricalPrice": null,
                    "price": {
                        "currencyIso": "SEK",
                        "value": 22.5,
                        "priceType": "BUY",
                        "formattedValue": "22,50 kr",
                        "minQuantity": null,
                        "maxQuantity": null
                    },
                    "promotionType": "MixMatchPricePromotion",
                    "conditionLabel": "2 för",
                    "rewardLabel": "45 kr",
                    "textLabel": "Alltid bra pris!",
                    "redeemLimitLabel": "",
                    "cartLabel": null,
                    "validUntil": null,
                    "timesUsed": null,
                    "qualifyingCount": 2,
                    "comparePrice": "180,00 kr",
                    "splashTitleText": "Alltid bra pris",
                    "realMixAndMatch": true,
                    "mainProductCode": "101319125_ST",
                    "conditionLabelFormatted": "",
                    "promotionRedeemLimit": null,
                    "promotionPercentage": null,
                    "cartLabelFormatted": "",
                    "priority": 208,
                    "code": "10009465266"
                }
            ],
            "inactivePotentialPromotions": [],
            "priceValue": 24.95,
            "price": "24,95 kr",
            "image": {
                "imageType": "PRIMARY",
                "format": "product",
                "url": "https://assets.axfood.se/image/upload/f_auto,t_200/07350054795623_C1N1_s01",
                "altText": null,
                "galleryIndex": null,
                "width": null
            },
            "ranking": 20.9110903624594,
            "depositPrice": "",
            "averageWeight": null,
            "comparePrice": "199,60 kr",
            "comparePriceUnit": "kg",
            "isDrugProduct": false,
            "solrSearchScore": 0.7614262700080872,
            "energyDeclaration": null,
            "newsSplashProduct": false,
            "notAllowedB2b": false,
            "notAllowedAnonymous": false,
            "productLine2": "DAVE & JON'S, 125g",
            "pickupProductLine2": "DAVE & JON'S, 125g",
            "priceUnit": "kr/st",
            "priceNoUnit": "24,95",
            "savingsAmount": 4.9,
            "googleAnalyticsCategory": "godis-snacks-och-glass|torkad-frukt",
            "gdprTrackingIncompliant": false,
            "nicotineMedicalProduct": false,
            "tobaccoFreeNicotineProduct": false,
            "nonEkoProduct": false,
            "precautionaryStatements": [],
            "hazards": [],
            "tobaccoProduct": false,
            "showGoodPriceIcon": true,
            "labels": [],
            "seoDescription": "",
            "seoTitle": "",
            "manufacturer": "Dave & Jon's",
            "incrementValue": 1.0,
            "productBasketType": {
                "code": "ST",
                "type": "ProductBasketTypeEnum"
            },
            "bargainProduct": false,
            "addToCartMessage": "",
            "thumbnail": {
                "imageType": "PRIMARY",
                "format": "thumbnail",
                "url": "https://assets.axfood.se/image/upload/f_auto,t_100/07350054795623_C1N1_s01",
                "altText": null,
                "galleryIndex": null,
                "width": null
            },
            "outOfStock": false,
            "online": true,
            "displayVolume": "125g",
            "addToCartDisabled": false,
            "name": "Saltlakrits Dadlar",
            "code": "101331580_ST"
        },
        {
            "potentialPromotions": [
                {
                    "threshold": null,
                    "applied": false,
                    "campaignType": "GENERAL",
                    "offerStatus": null,
                    "productCodes": [
                        "100879239_ST",
                        "100938773_ST",
                        "101179123_ST",
                        "101226635_ST",
                        "101275329_ST",
                        "101418705_ST",
                        "101506818_ST",
                        "101600146_ST"
                    ],
                    "promotionTheme": {
                        "code": "Z019",
                        "visible": null
                    },
                    "textLabelGenerated": "Alltid bra pris!",
                    "textLabelManual": null,
                    "lowestHistoricalPrice": null,
                    "price": {
                        "currencyIso": "SEK",
                        "value": 9.0,
                        "priceType": "BUY",
                        "formattedValue": "9,00 kr",
                        "minQuantity": null,
                        "maxQuantity": null
                    },
                    "promotionType": "MixMatchPricePromotion",
                    "conditionLabel": "3 för",
                    "rewardLabel": "27 kr",
                    "textLabel": "Alltid bra pris!",
                    "redeemLimitLabel": "",
                    "cartLabel": null,
                    "validUntil": null,
                    "timesUsed": null,
                    "qualifyingCount": 3,
                    "comparePrice": "180,00 kr",
                    "splashTitleText": "Alltid bra pris",
                    "realMixAndMatch": true,
                    "mainProductCode": "100879239_ST",
                    "conditionLabelFormatted": "",
                    "promotionRedeemLimit": null,
                    "promotionPercentage": null,
                    "cartLabelFormatted": "",
                    "priority": 208,
                    "code": "10009465265"
                }
            ],
            "inactivePotentialPromotions": [],
            "priceValue": 10.95,
            "price": "10,95 kr",
            "image": {
                "imageType": "PRIMARY",
                "format": "product",
                "url": "https://assets.axfood.se/image/upload/f_auto,t_200/04011800563516_C1N1_s03",
                "altText": null,
                "galleryIndex": null,
                "width": null
            },
            "ranking": 20.9110903591826,
            "depositPrice": "",
            "averageWeight": null,
            "comparePrice": "219,00 kr",
            "comparePriceUnit": "kg",
            "isDrugProduct": false,
            "solrSearchScore": 0.7614262700080872,
            "energyDeclaration": null,
            "newsSplashProduct": false,
            "notAllowedB2b": false,
            "notAllowedAnonymous": false,
            "productLine2": "CORNY, 50g",
            "pickupProductLine2": "CORNY, 50g",
            "priceUnit": "kr/st",
            "priceNoUnit": "10,95",
            "savingsAmount": 5.85,
            "googleAnalyticsCategory": "halsa-och-skonhet|halsokost",
            "gdprTrackingIncompliant": false,
            "nicotineMedicalProduct": false,
            "tobaccoFreeNicotineProduct": false,
            "nonEkoProduct": false,
            "precautionaryStatements": [],
            "hazards": [],
            "tobaccoProduct": false,
            "showGoodPriceIcon": true,
            "labels": [
                "rainforest_alliance",
                "environmental_facet"
            ],
            "seoDescription": "",
            "seoTitle": "",
            "manufacturer": "Corny",
            "incrementValue": 1.0,
            "productBasketType": {
                "code": "ST",
                "type": "ProductBasketTypeEnum"
            },
            "bargainProduct": false,
            "addToCartMessage": "",
            "thumbnail": {
                "imageType": "PRIMARY",
                "format": "thumbnail",
                "url": "https://assets.axfood.se/image/upload/f_auto,t_100/04011800563516_C1N1_s03",
                "altText": null,
                "galleryIndex": null,
                "width": null
            },
            "outOfStock": false,
            "online": true,
            "displayVolume": "50g",
            "addToCartDisabled": false,
            "name": "Chocolate Big Bar",
            "code": "100879239_ST"
        },
        {
            "potentialPromotions": [
                {
                    "threshold": null,
                    "applied": false,
                    "campaignType": "GENERAL",
                    "offerStatus": null,
                    "productCodes": [
                        "101208665_ST",
                        "101286972_ST",
                        "101438368_ST",
                        "101492628_ST",
                        "101542826_ST",
                        "101542827_ST",
                        "101550287_ST",
                        "101599201_ST",
                        "101666910_ST",
                        "101708195_ST",
                        "101797423_ST",
                        "101797424_ST",
                        "101797426_ST"
                    ],
                    "promotionTheme": {
                        "code": "Z019",
                        "visible": null
                    },
                    "textLabelGenerated": "Alltid bra pris!",
                    "textLabelManual": null,
                    "lowestHistoricalPrice": null,
                    "price": {
                        "currencyIso": "SEK",
                        "value": 19.5,
                        "priceType": "BUY",
                        "formattedValue": "19,50 kr",
                        "minQuantity": null,
                        "maxQuantity": null
                    },
                    "promotionType": "MixMatchPricePromotion",
                    "conditionLabel": "2 för",
                    "rewardLabel": "39 kr",
                    "textLabel": "Alltid bra pris!",
                    "redeemLimitLabel": "",
                    "cartLabel": null,
                    "validUntil": null,
                    "timesUsed": null,
                    "qualifyingCount": 2,
                    "comparePrice": "54,93 kr",
                    "splashTitleText": "Alltid bra pris",
                    "realMixAndMatch": true,
                    "mainProductCode": "101208665_ST",
                    "conditionLabelFormatted": "",
                    "promotionRedeemLimit": null,
                    "promotionPercentage": null,
                    "cartLabelFormatted": "",
                    "priority": 208,
                    "code": "10009465264"
                }
            ],
            "inactivePotentialPromotions": [],
            "priceValue": 22.95,
            "price": "22,95 kr",
            "image": {
                "imageType": "PRIMARY",
                "format": "product",
                "url": "https://assets.axfood.se/image/upload/f_auto,t_200/07350058331100_C1N1_s06",
                "altText": null,
                "galleryIndex": null,
                "width": null
            },
            "ranking": 20.9110903559058,
            "depositPrice": "1,00 kr",
            "averageWeight": null,
            "comparePrice": "64,65 kr",
            "comparePriceUnit": "l",
            "isDrugProduct": false,
            "solrSearchScore": 0.7614262700080872,
            "energyDeclaration": null,
            "newsSplashProduct": false,
            "notAllowedB2b": false,
            "notAllowedAnonymous": false,
            "productLine2": "CELSIUS, 35,5cl",
            "pickupProductLine2": "CELSIUS, 35,5cl",
            "priceUnit": "kr/st",
            "priceNoUnit": "22,95",
            "savingsAmount": 6.9,
            "googleAnalyticsCategory": "dryck|sport-och-energidryck|energidryck",
            "gdprTrackingIncompliant": false,
            "nicotineMedicalProduct": false,
            "tobaccoFreeNicotineProduct": false,
            "nonEkoProduct": false,
            "precautionaryStatements": [],
            "hazards": [],
            "tobaccoProduct": false,
            "showGoodPriceIcon": true,
            "labels": [
                "age_restricted_15"
            ],
            "seoDescription": "",
            "seoTitle": "",
            "manufacturer": "Celsius",
            "incrementValue": 1.0,
            "productBasketType": {
                "code": "ST",
                "type": "ProductBasketTypeEnum"
            },
            "bargainProduct": false,
            "addToCartMessage": "",
            "thumbnail": {
                "imageType": "PRIMARY",
                "format": "thumbnail",
                "url": "https://assets.axfood.se/image/upload/f_auto,t_100/07350058331100_C1N1_s06",
                "altText": null,
                "galleryIndex": null,
                "width": null
            },
            "outOfStock": false,
            "online": true,
            "displayVolume": "35,5cl",
            "addToCartDisabled": false,
            "name": "Citron/lime Energidryck Burk",
            "code": "101208665_ST"
        },
        {
            "potentialPromotions": [
                {
                    "threshold": null,
                    "applied": false,
                    "campaignType": "GENERAL",
                    "offerStatus": null,
                    "productCodes": [
                        "101245204_ST",
                        "101281323_ST",
                        "101316741_ST",
                        "101482479_ST"
                    ],
                    "promotionTheme": {
                        "code": "Z019",
                        "visible": null
                    },
                    "textLabelGenerated": "Alltid bra pris!",
                    "textLabelManual": null,
                    "lowestHistoricalPrice": null,
                    "price": {
                        "currencyIso": "SEK",
                        "value": 11.0,
                        "priceType": "BUY",
                        "formattedValue": "11,00 kr",
                        "minQuantity": null,
                        "maxQuantity": null
                    },
                    "promotionType": "MixMatchPricePromotion",
                    "conditionLabel": "2 för",
                    "rewardLabel": "22 kr",
                    "textLabel": "Alltid bra pris!",
                    "redeemLimitLabel": "",
                    "cartLabel": null,
                    "validUntil": null,
                    "timesUsed": null,
                    "qualifyingCount": 2,
                    "comparePrice": "47,83 kr",
                    "splashTitleText": "Alltid bra pris",
                    "realMixAndMatch": true,
                    "mainProductCode": "101245204_ST",
                    "conditionLabelFormatted": "",
                    "promotionRedeemLimit": null,
                    "promotionPercentage": null,
                    "cartLabelFormatted": "",
                    "priority": 208,
                    "code": "10009465263"
                }
            ],
            "inactivePotentialPromotions": [],
            "priceValue": 12.5,
            "price": "12,50 kr",
            "image": {
                "imageType": "PRIMARY",
                "format": "product",
                "url": "https://assets.axfood.se/image/upload/f_auto,t_200/07340083446962_C1L1_s02",
                "altText": null,
                "galleryIndex": null,
                "width": null
            },
            "ranking": 20.911090352629,
            "depositPrice": "",
            "averageWeight": null,
            "comparePrice": "54,35 kr",
            "comparePriceUnit": "kg",
            "isDrugProduct": false,
            "solrSearchScore": 0.7614262700080872,
            "energyDeclaration": null,
            "newsSplashProduct": false,
            "notAllowedB2b": false,
            "notAllowedAnonymous": false,
            "productLine2": "GARANT, 380/230g",
            "pickupProductLine2": "GARANT, 380/230g",
            "priceUnit": "kr/st",
            "priceNoUnit": "12,50",
            "savingsAmount": 3.0,
            "googleAnalyticsCategory": "skafferi|konserver-och-burkar|bonor-och-baljvaxter",
            "gdprTrackingIncompliant": false,
            "nicotineMedicalProduct": false,
            "tobaccoFreeNicotineProduct": false,
            "nonEkoProduct": false,
            "precautionaryStatements": [],
            "hazards": [],
            "tobaccoProduct": false,
            "showGoodPriceIcon": true,
            "labels": [
                "keyhole"
            ],
            "seoDescription": "",
            "seoTitle": "",
            "manufacturer": "Garant",
            "incrementValue": 1.0,
            "productBasketType": {
                "code": "ST",
                "type": "ProductBasketTypeEnum"
            },
            "bargainProduct": false,
            "addToCartMessage": "",
            "thumbnail": {
                "imageType": "PRIMARY",
                "format": "thumbnail",
                "url": "https://assets.axfood.se/image/upload/f_auto,t_100/07340083446962_C1L1_s02",
                "altText": null,
                "galleryIndex": null,
                "width": null
            },
            "outOfStock": false,
            "online": true,
            "displayVolume": "380/230g",
            "addToCartDisabled": false,
            "name": "Svarta Bönor Naturella",
            "code": "101245204_ST"
        },
        {
            "potentialPromotions": [
                {
                    "threshold": null,
                    "applied": false,
                    "campaignType": "GENERAL",
                    "offerStatus": null,
                    "productCodes": [
                        "101583516_ST"
                    ],
                    "promotionTheme": {
                        "code": "Z019",
                        "visible": null
                    },
                    "textLabelGenerated": "Alltid bra pris!",
                    "textLabelManual": null,
                    "lowestHistoricalPrice": null,
                    "price": {
                        "currencyIso": "SEK",
                        "value": 14.5,
                        "priceType": "BUY",
                        "formattedValue": "14,50 kr",
                        "minQuantity": null,
                        "maxQuantity": null
                    },
                    "promotionType": "MixMatchPricePromotion",
                    "conditionLabel": "2 för",
                    "rewardLabel": "29 kr",
                    "textLabel": "Alltid bra pris!",
                    "redeemLimitLabel": "",
                    "cartLabel": null,
                    "validUntil": null,
                    "timesUsed": null,
                    "qualifyingCount": 2,
                    "comparePrice": "0,60 kr",
                    "splashTitleText": "Alltid bra pris",
                    "realMixAndMatch": false,
                    "mainProductCode": "101583516_ST",
                    "conditionLabelFormatted": "",
                    "promotionRedeemLimit": null,
                    "promotionPercentage": null,
                    "cartLabelFormatted": "",
                    "priority": 208,
                    "code": "10009465262"
                }
            ],
            "inactivePotentialPromotions": [],
            "priceValue": 16.95,
            "price": "16,95 kr",
            "image": {
                "imageType": "PRIMARY",
                "format": "product",
                "url": "https://assets.axfood.se/image/upload/f_auto,t_200/07311043006892_C1N1_s01",
                "altText": null,
                "galleryIndex": null,
                "width": null
            },
            "ranking": 20.9110903493522,
            "depositPrice": "",
            "averageWeight": null,
            "comparePrice": "0,71 kr",
            "comparePriceUnit": "st",
            "isDrugProduct": false,
            "solrSearchScore": 0.7614262700080872,
            "energyDeclaration": null,
            "newsSplashProduct": false,
            "notAllowedB2b": false,
            "notAllowedAnonymous": false,
            "productLine2": "FIXA, 24p",
            "pickupProductLine2": "FIXA, 24p",
            "priceUnit": "kr/st",
            "priceNoUnit": "16,95",
            "savingsAmount": 4.9,
            "googleAnalyticsCategory": "hem-och-hushall|hem-och-inredning|matforvaring",
            "gdprTrackingIncompliant": false,
            "nicotineMedicalProduct": false,
            "tobaccoFreeNicotineProduct": false,
            "nonEkoProduct": false,
            "precautionaryStatements": [],
            "hazards": [],
            "tobaccoProduct": false,
            "showGoodPriceIcon": true,
            "labels": [
                "swan",
                "environmental_facet"
            ],
            "seoDescription": "",
            "seoTitle": "",
            "manufacturer": "Fixa",
            "incrementValue": 1.0,
            "productBasketType": {
                "code": "ST",
                "type": "ProductBasketTypeEnum"
            },
            "bargainProduct": false,
            "addToCartMessage": "",
            "thumbnail": {
                "imageType": "PRIMARY",
                "format": "thumbnail",
                "url": "https://assets.axfood.se/image/upload/f_auto,t_100/07311043006892_C1N1_s01",
                "altText": null,
                "galleryIndex": null,
                "width": null
            },
            "outOfStock": false,
            "online": true,
            "displayVolume": "24p",
            "addToCartDisabled": false,
            "name": "Bakplåtspapper 24ark",
            "code": "101583516_ST"
        },
        {
            "potentialPromotions": [
                {
                    "threshold": null,
                    "applied": false,
                    "campaignType": "GENERAL",
                    "offerStatus": null,
                    "productCodes": [
                        "101412941_ST",
                        "101412942_ST",
                        "101412943_ST",
                        "101412944_ST"
                    ],
                    "promotionTheme": {
                        "code": "Z019",
                        "visible": null
                    },
                    "textLabelGenerated": "Alltid bra pris!",
                    "textLabelManual": null,
                    "lowestHistoricalPrice": null,
                    "price": {
                        "currencyIso": "SEK",
                        "value": 22.5,
                        "priceType": "BUY",
                        "formattedValue": "22,50 kr",
                        "minQuantity": null,
                        "maxQuantity": null
                    },
                    "promotionType": "MixMatchPricePromotion",
                    "conditionLabel": "2 för",
                    "rewardLabel": "45 kr",
                    "textLabel": "Alltid bra pris!",
                    "redeemLimitLabel": "",
                    "cartLabel": null,
                    "validUntil": null,
                    "timesUsed": null,
                    "qualifyingCount": 2,
                    "comparePrice": "212,27 kr",
                    "splashTitleText": "Alltid bra pris",
                    "realMixAndMatch": true,
                    "mainProductCode": "101412941_ST",
                    "conditionLabelFormatted": "",
                    "promotionRedeemLimit": null,
                    "promotionPercentage": null,
                    "cartLabelFormatted": "",
                    "priority": 208,
                    "code": "10009465261"
                }
            ],
            "inactivePotentialPromotions": [],
            "priceValue": 26.95,
            "price": "26,95 kr",
            "image": {
                "imageType": "PRIMARY",
                "format": "product",
                "url": "https://assets.axfood.se/image/upload/f_auto,t_200/07350126083610_C1L1_s02",
                "altText": null,
                "galleryIndex": null,
                "width": null
            },
            "ranking": 20.9110903460754,
            "depositPrice": "",
            "averageWeight": null,
            "comparePrice": "254,25 kr",
            "comparePriceUnit": "kg",
            "isDrugProduct": false,
            "solrSearchScore": 0.7614262700080872,
            "energyDeclaration": null,
            "newsSplashProduct": false,
            "notAllowedB2b": false,
            "notAllowedAnonymous": false,
            "productLine2": "EKSTRÖMS, 106g",
            "pickupProductLine2": "EKSTRÖMS, 106g",
            "priceUnit": "kr/st",
            "priceNoUnit": "26,95",
            "savingsAmount": 8.9,
            "googleAnalyticsCategory": "skafferi|dessert-och-glasstillbehor|dessert",
            "gdprTrackingIncompliant": false,
            "nicotineMedicalProduct": false,
            "tobaccoFreeNicotineProduct": false,
            "nonEkoProduct": false,
            "precautionaryStatements": [],
            "hazards": [],
            "tobaccoProduct": false,
            "showGoodPriceIcon": true,
            "labels": [],
            "seoDescription": "",
            "seoTitle": "",
            "manufacturer": "Ekströms",
            "incrementValue": 1.0,
            "productBasketType": {
                "code": "ST",
                "type": "ProductBasketTypeEnum"
            },
            "bargainProduct": false,
            "addToCartMessage": "",
            "thumbnail": {
                "imageType": "PRIMARY",
                "format": "thumbnail",
                "url": "https://assets.axfood.se/image/upload/f_auto,t_100/07350126083610_C1L1_s02",
                "altText": null,
                "galleryIndex": null,
                "width": null
            },
            "outOfStock": false,
            "online": true,
            "displayVolume": "106g",
            "addToCartDisabled": false,
            "name": "Chokladmousse med Crisp",
            "code": "101412941_ST"
        },
        {
            "potentialPromotions": [
                {
                    "threshold": null,
                    "applied": false,
                    "campaignType": "GENERAL",
                    "offerStatus": null,
                    "productCodes": [
                        "100498418_ST",
                        "100498427_ST",
                        "100996120_ST",
                        "101719653_ST"
                    ],
                    "promotionTheme": {
                        "code": "Z019",
                        "visible": null
                    },
                    "textLabelGenerated": "Alltid bra pris!",
                    "textLabelManual": null,
                    "lowestHistoricalPrice": null,
                    "price": {
                        "currencyIso": "SEK",
                        "value": 8.333333333333334,
                        "priceType": "BUY",
                        "formattedValue": "8,33 kr",
                        "minQuantity": null,
                        "maxQuantity": null
                    },
                    "promotionType": "MixMatchPricePromotion",
                    "conditionLabel": "3 för",
                    "rewardLabel": "25 kr",
                    "textLabel": "Alltid bra pris!",
                    "redeemLimitLabel": "",
                    "cartLabel": null,
                    "validUntil": null,
                    "timesUsed": null,
                    "qualifyingCount": 3,
                    "comparePrice": "219,30 kr",
                    "splashTitleText": "Alltid bra pris",
                    "realMixAndMatch": true,
                    "mainProductCode": "100460047_ST",
                    "conditionLabelFormatted": "",
                    "promotionRedeemLimit": null,
                    "promotionPercentage": null,
                    "cartLabelFormatted": "",
                    "priority": 208,
                    "code": "10009465258"
                }
            ],
            "inactivePotentialPromotions": [],
            "priceValue": 10.95,
            "price": "10,95 kr",
            "image": {
                "imageType": "PRIMARY",
                "format": "product",
                "url": "https://assets.axfood.se/image/upload/f_auto,t_200/00000087108132_C1R1_s01",
                "altText": null,
                "galleryIndex": null,
                "width": null
            },
            "ranking": 20.9110903427986,
            "depositPrice": "",
            "averageWeight": null,
            "comparePrice": "288,16 kr",
            "comparePriceUnit": "kg",
            "isDrugProduct": false,
            "solrSearchScore": 0.7614262700080872,
            "energyDeclaration": null,
            "newsSplashProduct": false,
            "notAllowedB2b": false,
            "notAllowedAnonymous": false,
            "productLine2": "MENTOS, 38g",
            "pickupProductLine2": "MENTOS, 38g",
            "priceUnit": "kr/st",
            "priceNoUnit": "10,95",
            "savingsAmount": 7.849999999999998,
            "googleAnalyticsCategory": "godis-snacks-och-glass|godis|godispasar",
            "gdprTrackingIncompliant": false,
            "nicotineMedicalProduct": false,
            "tobaccoFreeNicotineProduct": false,
            "nonEkoProduct": false,
            "precautionaryStatements": [],
            "hazards": [],
            "tobaccoProduct": false,
            "showGoodPriceIcon": true,
            "labels": [],
            "seoDescription": "",
            "seoTitle": "",
            "manufacturer": "Mentos",
            "incrementValue": 1.0,
            "productBasketType": {
                "code": "ST",
                "type": "ProductBasketTypeEnum"
            },
            "bargainProduct": false,
            "addToCartMessage": "",
            "thumbnail": {
                "imageType": "PRIMARY",
                "format": "thumbnail",
                "url": "https://assets.axfood.se/image/upload/f_auto,t_100/00000087108132_C1R1_s01",
                "altText": null,
                "galleryIndex": null,
                "width": null
            },
            "outOfStock": false,
            "online": true,
            "displayVolume": "38g",
            "addToCartDisabled": false,
            "name": "Mentos Mint",
            "code": "100498418_ST"
        },
        {
            "potentialPromotions": [
                {
                    "threshold": null,
                    "applied": false,
                    "campaignType": "GENERAL",
                    "offerStatus": null,
                    "productCodes": [
                        "101239059_ST",
                        "101239061_ST"
                    ],
                    "promotionTheme": {
                        "code": "Z019",
                        "visible": null
                    },
                    "textLabelGenerated": "Alltid bra pris!",
                    "textLabelManual": null,
                    "lowestHistoricalPrice": null,
                    "price": {
                        "currencyIso": "SEK",
                        "value": 9.0,
                        "priceType": "BUY",
                        "formattedValue": "9,00 kr",
                        "minQuantity": null,
                        "maxQuantity": null
                    },
                    "promotionType": "MixMatchPricePromotion",
                    "conditionLabel": "2 för",
                    "rewardLabel": "18 kr",
                    "textLabel": "Alltid bra pris!",
                    "redeemLimitLabel": "",
                    "cartLabel": null,
                    "validUntil": null,
                    "timesUsed": null,
                    "qualifyingCount": 2,
                    "comparePrice": "45,00 kr",
                    "splashTitleText": "Alltid bra pris",
                    "realMixAndMatch": true,
                    "mainProductCode": "101239059_ST",
                    "conditionLabelFormatted": "",
                    "promotionRedeemLimit": null,
                    "promotionPercentage": null,
                    "cartLabelFormatted": "",
                    "priority": 208,
                    "code": "10009465257"
                }
            ],
            "inactivePotentialPromotions": [],
            "priceValue": 10.95,
            "price": "10,95 kr",
            "image": {
                "imageType": "PRIMARY",
                "format": "product",
                "url": "https://assets.axfood.se/image/upload/f_auto,t_200/07340083444616_C1N1_s01",
                "altText": null,
                "galleryIndex": null,
                "width": null
            },
            "ranking": 20.9110903395218,
            "depositPrice": "",
            "averageWeight": null,
            "comparePrice": "54,75 kr",
            "comparePriceUnit": "l",
            "isDrugProduct": false,
            "solrSearchScore": 0.7614262700080872,
            "energyDeclaration": null,
            "newsSplashProduct": false,
            "notAllowedB2b": false,
            "notAllowedAnonymous": false,
            "productLine2": "GARANT, 200ml",
            "pickupProductLine2": "GARANT, 200ml",
            "priceUnit": "kr/st",
            "priceNoUnit": "10,95",
            "savingsAmount": 3.9,
            "googleAnalyticsCategory": "skafferi|kryddor-och-smaksattare|ovriga-smaksattare",
            "gdprTrackingIncompliant": false,
            "nicotineMedicalProduct": false,
            "tobaccoFreeNicotineProduct": false,
            "nonEkoProduct": false,
            "precautionaryStatements": [],
            "hazards": [],
            "tobaccoProduct": false,
            "showGoodPriceIcon": true,
            "labels": [],
            "seoDescription": "",
            "seoTitle": "",
            "manufacturer": "Garant",
            "incrementValue": 1.0,
            "productBasketType": {
                "code": "ST",
                "type": "ProductBasketTypeEnum"
            },
            "bargainProduct": false,
            "addToCartMessage": "",
            "thumbnail": {
                "imageType": "PRIMARY",
                "format": "thumbnail",
                "url": "https://assets.axfood.se/image/upload/f_auto,t_100/07340083444616_C1N1_s01",
                "altText": null,
                "galleryIndex": null,
                "width": null
            },
            "outOfStock": false,
            "online": true,
            "displayVolume": "200ml",
            "addToCartDisabled": false,
            "name": "Citron Juice",
            "code": "101239059_ST"
        },
        {
            "potentialPromotions": [
                {
                    "threshold": null,
                    "applied": false,
                    "campaignType": "GENERAL",
                    "offerStatus": null,
                    "productCodes": [
                        "101175130_ST",
                        "101175341_ST",
                        "101286584_ST",
                        "101308358_ST",
                        "101346732_ST",
                        "101351304_ST",
                        "101354652_ST",
                        "101753094_ST"
                    ],
                    "promotionTheme": {
                        "code": "Z019",
                        "visible": null
                    },
                    "textLabelGenerated": "Alltid bra pris!",
                    "textLabelManual": null,
                    "lowestHistoricalPrice": null,
                    "price": {
                        "currencyIso": "SEK",
                        "value": 6.666666666666667,
                        "priceType": "BUY",
                        "formattedValue": "6,67 kr",
                        "minQuantity": null,
                        "maxQuantity": null
                    },
                    "promotionType": "MixMatchPricePromotion",
                    "conditionLabel": "3 för",
                    "rewardLabel": "20 kr",
                    "textLabel": "Alltid bra pris!",
                    "redeemLimitLabel": "",
                    "cartLabel": null,
                    "validUntil": null,
                    "timesUsed": null,
                    "qualifyingCount": 3,
                    "comparePrice": "26,67 kr",
                    "splashTitleText": "Alltid bra pris",
                    "realMixAndMatch": true,
                    "mainProductCode": "101175130_ST",
                    "conditionLabelFormatted": "",
                    "promotionRedeemLimit": null,
                    "promotionPercentage": null,
                    "cartLabelFormatted": "",
                    "priority": 208,
                    "code": "10009465256"
                }
            ],
            "inactivePotentialPromotions": [],
            "priceValue": 9.95,
            "price": "9,95 kr",
            "image": {
                "imageType": "PRIMARY",
                "format": "product",
                "url": "https://assets.axfood.se/image/upload/f_auto,t_200/07611612221351_C1C1_s01",
                "altText": null,
                "galleryIndex": null,
                "width": null
            },
            "ranking": 20.911090336245,
            "depositPrice": "1,00 kr",
            "averageWeight": null,
            "comparePrice": "39,80 kr",
            "comparePriceUnit": "l",
            "isDrugProduct": false,
            "solrSearchScore": 0.7614262700080872,
            "energyDeclaration": null,
            "newsSplashProduct": false,
            "notAllowedB2b": false,
            "notAllowedAnonymous": false,
            "productLine2": "POWERKING, 25cl",
            "pickupProductLine2": "POWERKING, 25cl",
            "priceUnit": "kr/st",
            "priceNoUnit": "9,95",
            "savingsAmount": 9.85,
            "googleAnalyticsCategory": "dryck|sport-och-energidryck|energidryck",
            "gdprTrackingIncompliant": false,
            "nicotineMedicalProduct": false,
            "tobaccoFreeNicotineProduct": false,
            "nonEkoProduct": false,
            "precautionaryStatements": [],
            "hazards": [],
            "tobaccoProduct": false,
            "showGoodPriceIcon": true,
            "labels": [
                "age_restricted_15"
            ],
            "seoDescription": "",
            "seoTitle": "",
            "manufacturer": "Powerking",
            "incrementValue": 1.0,
            "productBasketType": {
                "code": "ST",
                "type": "ProductBasketTypeEnum"
            },
            "bargainProduct": false,
            "addToCartMessage": "",
            "thumbnail": {
                "imageType": "PRIMARY",
                "format": "thumbnail",
                "url": "https://assets.axfood.se/image/upload/f_auto,t_100/07611612221351_C1C1_s01",
                "altText": null,
                "galleryIndex": null,
                "width": null
            },
            "outOfStock": false,
            "online": true,
            "displayVolume": "25cl",
            "addToCartDisabled": false,
            "name": "Energy Drink Energidryck Burk",
            "code": "101175130_ST"
        },
        {
            "potentialPromotions": [
                {
                    "threshold": null,
                    "applied": false,
                    "campaignType": "GENERAL",
                    "offerStatus": null,
                    "productCodes": [
                        "101334453_ST",
                        "101334499_ST",
                        "101481218_ST",
                        "101481219_ST"
                    ],
                    "promotionTheme": {
                        "code": "Z019",
                        "visible": null
                    },
                    "textLabelGenerated": "Alltid bra pris!",
                    "textLabelManual": null,
                    "lowestHistoricalPrice": null,
                    "price": {
                        "currencyIso": "SEK",
                        "value": 20.0,
                        "priceType": "BUY",
                        "formattedValue": "20,00 kr",
                        "minQuantity": null,
                        "maxQuantity": null
                    },
                    "promotionType": "MixMatchPricePromotion",
                    "conditionLabel": "2 för",
                    "rewardLabel": "40 kr",
                    "textLabel": "Alltid bra pris!",
                    "redeemLimitLabel": "",
                    "cartLabel": null,
                    "validUntil": null,
                    "timesUsed": null,
                    "qualifyingCount": 2,
                    "comparePrice": "80,00 kr",
                    "splashTitleText": "Alltid bra pris",
                    "realMixAndMatch": true,
                    "mainProductCode": "101334452_ST",
                    "conditionLabelFormatted": "",
                    "promotionRedeemLimit": null,
                    "promotionPercentage": null,
                    "cartLabelFormatted": "",
                    "priority": 208,
                    "code": "10009465255"
                }
            ],
            "inactivePotentialPromotions": [],
            "priceValue": 22.95,
            "price": "22,95 kr",
            "image": {
                "imageType": "PRIMARY",
                "format": "product",
                "url": "https://assets.axfood.se/image/upload/f_auto,t_200/07350113940285_C1N1_s01",
                "altText": null,
                "galleryIndex": null,
                "width": null
            },
            "ranking": 20.9110903329682,
            "depositPrice": "",
            "averageWeight": null,
            "comparePrice": "91,80 kr",
            "comparePriceUnit": "kg",
            "isDrugProduct": false,
            "solrSearchScore": 0.7614262700080872,
            "energyDeclaration": null,
            "newsSplashProduct": false,
            "notAllowedB2b": false,
            "notAllowedAnonymous": false,
            "productLine2": "ZEINAS, 250g",
            "pickupProductLine2": "ZEINAS, 250g",
            "priceUnit": "kr/st",
            "priceNoUnit": "22,95",
            "savingsAmount": 5.9,
            "googleAnalyticsCategory": "",
            "gdprTrackingIncompliant": false,
            "nicotineMedicalProduct": false,
            "tobaccoFreeNicotineProduct": false,
            "nonEkoProduct": false,
            "precautionaryStatements": [],
            "hazards": [],
            "tobaccoProduct": false,
            "showGoodPriceIcon": true,
            "labels": [],
            "seoDescription": "",
            "seoTitle": "",
            "manufacturer": "Zeinas",
            "incrementValue": 1.0,
            "productBasketType": {
                "code": "ST",
                "type": "ProductBasketTypeEnum"
            },
            "bargainProduct": false,
            "addToCartMessage": "",
            "thumbnail": {
                "imageType": "PRIMARY",
                "format": "thumbnail",
                "url": "https://assets.axfood.se/image/upload/f_auto,t_100/07350113940285_C1N1_s01",
                "altText": null,
                "galleryIndex": null,
                "width": null
            },
            "outOfStock": false,
            "online": true,
            "displayVolume": "250g",
            "addToCartDisabled": false,
            "name": "Basmati Quick N' Easy/2 Port",
            "code": "101334453_ST"
        },
        {
            "potentialPromotions": [
                {
                    "threshold": null,
                    "applied": false,
                    "campaignType": "GENERAL",
                    "offerStatus": null,
                    "productCodes": [
                        "100073340_ST",
                        "100622569_ST",
                        "101077923_ST",
                        "101283026_ST",
                        "101283083_ST",
                        "101283084_ST",
                        "101283086_ST",
                        "101324630_ST",
                        "101545696_ST",
                        "101545892_ST",
                        "101545893_ST",
                        "101545894_ST",
                        "101600150_ST",
                        "101600151_ST"
                    ],
                    "promotionTheme": {
                        "code": "Z019",
                        "visible": null
                    },
                    "textLabelGenerated": "Alltid bra pris!",
                    "textLabelManual": null,
                    "lowestHistoricalPrice": null,
                    "price": {
                        "currencyIso": "SEK",
                        "value": 17.5,
                        "priceType": "BUY",
                        "formattedValue": "17,50 kr",
                        "minQuantity": null,
                        "maxQuantity": null
                    },
                    "promotionType": "MixMatchPricePromotion",
                    "conditionLabel": "2 för",
                    "rewardLabel": "35 kr",
                    "textLabel": "Alltid bra pris!",
                    "redeemLimitLabel": "",
                    "cartLabel": null,
                    "validUntil": null,
                    "timesUsed": null,
                    "qualifyingCount": 2,
                    "comparePrice": "603,45 kr",
                    "splashTitleText": "Alltid bra pris",
                    "realMixAndMatch": true,
                    "mainProductCode": "100073340_ST",
                    "conditionLabelFormatted": "",
                    "promotionRedeemLimit": null,
                    "promotionPercentage": null,
                    "cartLabelFormatted": "",
                    "priority": 208,
                    "code": "10009465254"
                }
            ],
            "inactivePotentialPromotions": [],
            "priceValue": 19.95,
            "price": "19,95 kr",
            "image": {
                "imageType": "PRIMARY",
                "format": "product",
                "url": "https://assets.axfood.se/image/upload/f_auto,t_200/04009900390309_C1N1_s02",
                "altText": null,
                "galleryIndex": null,
                "width": null
            },
            "ranking": 20.9110903296914,
            "depositPrice": "",
            "averageWeight": null,
            "comparePrice": "687,93 kr",
            "comparePriceUnit": "kg",
            "isDrugProduct": false,
            "solrSearchScore": 0.7614262700080872,
            "energyDeclaration": null,
            "newsSplashProduct": false,
            "notAllowedB2b": false,
            "notAllowedAnonymous": false,
            "productLine2": "EXTRA, 29g",
            "pickupProductLine2": "EXTRA, 29g",
            "priceUnit": "kr/st",
            "priceNoUnit": "19,95",
            "savingsAmount": 4.9,
            "googleAnalyticsCategory": "godis-snacks-och-glass|tuggummi",
            "gdprTrackingIncompliant": false,
            "nicotineMedicalProduct": false,
            "tobaccoFreeNicotineProduct": false,
            "nonEkoProduct": false,
            "precautionaryStatements": [],
            "hazards": [],
            "tobaccoProduct": false,
            "showGoodPriceIcon": true,
            "labels": [],
            "seoDescription": "",
            "seoTitle": "",
            "manufacturer": "Extra",
            "incrementValue": 1.0,
            "productBasketType": {
                "code": "ST",
                "type": "ProductBasketTypeEnum"
            },
            "bargainProduct": false,
            "addToCartMessage": "",
            "thumbnail": {
                "imageType": "PRIMARY",
                "format": "thumbnail",
                "url": "https://assets.axfood.se/image/upload/f_auto,t_100/04009900390309_C1N1_s02",
                "altText": null,
                "galleryIndex": null,
                "width": null
            },
            "outOfStock": false,
            "online": true,
            "displayVolume": "29g",
            "addToCartDisabled": false,
            "name": "Strong Mint Professional Sugarfree Gum",
            "code": "100073340_ST"
        },
        {
            "potentialPromotions": [
                {
                    "threshold": null,
                    "applied": false,
                    "campaignType": "GENERAL",
                    "offerStatus": null,
                    "productCodes": [
                        "101361966_ST",
                        "101361979_ST"
                    ],
                    "promotionTheme": {
                        "code": "Z019",
                        "visible": null
                    },
                    "textLabelGenerated": "Alltid bra pris!",
                    "textLabelManual": null,
                    "lowestHistoricalPrice": null,
                    "price": {
                        "currencyIso": "SEK",
                        "value": 40.0,
                        "priceType": "BUY",
                        "formattedValue": "40,00 kr",
                        "minQuantity": null,
                        "maxQuantity": null
                    },
                    "promotionType": "MixMatchPricePromotion",
                    "conditionLabel": "2 för",
                    "rewardLabel": "80 kr",
                    "textLabel": "Alltid bra pris!",
                    "redeemLimitLabel": "",
                    "cartLabel": null,
                    "validUntil": null,
                    "timesUsed": null,
                    "qualifyingCount": 2,
                    "comparePrice": "50,00 kr",
                    "splashTitleText": "Alltid bra pris",
                    "realMixAndMatch": true,
                    "mainProductCode": "101361966_ST",
                    "conditionLabelFormatted": "",
                    "promotionRedeemLimit": null,
                    "promotionPercentage": null,
                    "cartLabelFormatted": "",
                    "priority": 208,
                    "code": "10009465253"
                }
            ],
            "inactivePotentialPromotions": [],
            "priceValue": 46.95,
            "price": "46,95 kr",
            "image": {
                "imageType": "PRIMARY",
                "format": "product",
                "url": "https://assets.axfood.se/image/upload/f_auto,t_200/05900951294013_C1R1_s01",
                "altText": null,
                "galleryIndex": null,
                "width": null
            },
            "ranking": 20.9110903264146,
            "depositPrice": "",
            "averageWeight": null,
            "comparePrice": "58,69 kr",
            "comparePriceUnit": "kg",
            "isDrugProduct": false,
            "solrSearchScore": 0.7614262700080872,
            "energyDeclaration": null,
            "newsSplashProduct": false,
            "notAllowedB2b": false,
            "notAllowedAnonymous": false,
            "productLine2": "WHISKAS, 800g",
            "pickupProductLine2": "WHISKAS, 800g",
            "priceUnit": "kr/st",
            "priceNoUnit": "46,95",
            "savingsAmount": 13.9,
            "googleAnalyticsCategory": "djur|katt|kattmat-torr",
            "gdprTrackingIncompliant": false,
            "nicotineMedicalProduct": false,
            "tobaccoFreeNicotineProduct": false,
            "nonEkoProduct": false,
            "precautionaryStatements": [],
            "hazards": [],
            "tobaccoProduct": false,
            "showGoodPriceIcon": true,
            "labels": [],
            "seoDescription": "",
            "seoTitle": "",
            "manufacturer": "Whiskas",
            "incrementValue": 1.0,
            "productBasketType": {
                "code": "ST",
                "type": "ProductBasketTypeEnum"
            },
            "bargainProduct": false,
            "addToCartMessage": "",
            "thumbnail": {
                "imageType": "PRIMARY",
                "format": "thumbnail",
                "url": "https://assets.axfood.se/image/upload/f_auto,t_100/05900951294013_C1R1_s01",
                "altText": null,
                "galleryIndex": null,
                "width": null
            },
            "outOfStock": false,
            "online": true,
            "displayVolume": "800g",
            "addToCartDisabled": false,
            "name": "Oxe 1+ Torrfoder Katt",
            "code": "101361966_ST"
        },
        {
            "potentialPromotions": [
                {
                    "threshold": null,
                    "applied": false,
                    "campaignType": "GENERAL",
                    "offerStatus": null,
                    "productCodes": [
                        "101261849_ST"
                    ],
                    "promotionTheme": {
                        "code": "Z019",
                        "visible": null
                    },
                    "textLabelGenerated": "Alltid bra pris!",
                    "textLabelManual": null,
                    "lowestHistoricalPrice": null,
                    "price": {
                        "currencyIso": "SEK",
                        "value": 37.5,
                        "priceType": "BUY",
                        "formattedValue": "37,50 kr",
                        "minQuantity": null,
                        "maxQuantity": null
                    },
                    "promotionType": "MixMatchPricePromotion",
                    "conditionLabel": "2 för",
                    "rewardLabel": "75 kr",
                    "textLabel": "Alltid bra pris!",
                    "redeemLimitLabel": "",
                    "cartLabel": null,
                    "validUntil": null,
                    "timesUsed": null,
                    "qualifyingCount": 2,
                    "comparePrice": "1,25 kr",
                    "splashTitleText": "Alltid bra pris",
                    "realMixAndMatch": false,
                    "mainProductCode": "101261849_ST",
                    "conditionLabelFormatted": "",
                    "promotionRedeemLimit": null,
                    "promotionPercentage": null,
                    "cartLabelFormatted": "",
                    "priority": 208,
                    "code": "10009465252"
                }
            ],
            "inactivePotentialPromotions": [],
            "priceValue": 45.95,
            "price": "45,95 kr",
            "image": {
                "imageType": "PRIMARY",
                "format": "product",
                "url": "https://assets.axfood.se/image/upload/f_auto,t_200/07340083459139_C1L1_s02",
                "altText": null,
                "galleryIndex": null,
                "width": null
            },
            "ranking": 20.9110903231378,
            "depositPrice": "",
            "averageWeight": null,
            "comparePrice": "1,53 kr",
            "comparePriceUnit": "disk",
            "isDrugProduct": false,
            "solrSearchScore": 0.7614262700080872,
            "energyDeclaration": null,
            "newsSplashProduct": false,
            "notAllowedB2b": false,
            "notAllowedAnonymous": false,
            "productLine2": "SÅKLART, 30p",
            "pickupProductLine2": "SÅKLART, 30p",
            "priceUnit": "kr/st",
            "priceNoUnit": "45,95",
            "savingsAmount": 16.9,
            "googleAnalyticsCategory": "hem-och-hushall|disk|maskindisk",
            "gdprTrackingIncompliant": false,
            "nicotineMedicalProduct": false,
            "tobaccoFreeNicotineProduct": false,
            "nonEkoProduct": false,
            "precautionaryStatements": [],
            "hazards": [],
            "tobaccoProduct": false,
            "showGoodPriceIcon": true,
            "labels": [
                "swan",
                "allergy_approved",
                "warning",
                "exclamation_mark",
                "environmental_facet"
            ],
            "seoDescription": "",
            "seoTitle": "",
            "manufacturer": "Såklart",
            "incrementValue": 1.0,
            "productBasketType": {
                "code": "ST",
                "type": "ProductBasketTypeEnum"
            },
            "bargainProduct": false,
            "addToCartMessage": "",
            "thumbnail": {
                "imageType": "PRIMARY",
                "format": "thumbnail",
                "url": "https://assets.axfood.se/image/upload/f_auto,t_100/07340083459139_C1L1_s02",
                "altText": null,
                "galleryIndex": null,
                "width": null
            },
            "outOfStock": false,
            "online": true,
            "displayVolume": "30p",
            "addToCartDisabled": false,
            "name": "Maskindisktabl Oparfymerade Maskindisktabletter",
            "code": "101261849_ST"
        },
        {
            "potentialPromotions": [
                {
                    "threshold": null,
                    "applied": false,
                    "campaignType": "GENERAL",
                    "offerStatus": null,
                    "productCodes": [
                        "101546127_ST",
                        "101546218_ST",
                        "101546219_ST",
                        "101546220_ST",
                        "101546221_ST",
                        "101546222_ST",
                        "101546223_ST",
                        "101546225_ST",
                        "101677358_ST"
                    ],
                    "promotionTheme": {
                        "code": "Z019",
                        "visible": null
                    },
                    "textLabelGenerated": "Alltid bra pris!",
                    "textLabelManual": null,
                    "lowestHistoricalPrice": null,
                    "price": {
                        "currencyIso": "SEK",
                        "value": 44.5,
                        "priceType": "BUY",
                        "formattedValue": "44,50 kr",
                        "minQuantity": null,
                        "maxQuantity": null
                    },
                    "promotionType": "MixMatchPricePromotion",
                    "conditionLabel": "2 för",
                    "rewardLabel": "89 kr",
                    "textLabel": "Alltid bra pris!",
                    "redeemLimitLabel": "",
                    "cartLabel": null,
                    "validUntil": null,
                    "timesUsed": null,
                    "qualifyingCount": 2,
                    "comparePrice": "4,45 kr",
                    "splashTitleText": "Alltid bra pris",
                    "realMixAndMatch": true,
                    "mainProductCode": "101546127_ST",
                    "conditionLabelFormatted": "",
                    "promotionRedeemLimit": null,
                    "promotionPercentage": null,
                    "cartLabelFormatted": "",
                    "priority": 208,
                    "code": "10009465251"
                }
            ],
            "inactivePotentialPromotions": [],
            "priceValue": 51.95,
            "price": "51,95 kr",
            "image": {
                "imageType": "PRIMARY",
                "format": "product",
                "url": "https://assets.axfood.se/image/upload/f_auto,t_200/07613036957120_C1L1_s01",
                "altText": null,
                "galleryIndex": null,
                "width": null
            },
            "ranking": 20.911090319861,
            "depositPrice": "",
            "averageWeight": null,
            "comparePrice": "5,20 kr",
            "comparePriceUnit": "st",
            "isDrugProduct": false,
            "solrSearchScore": 0.7614262700080872,
            "energyDeclaration": null,
            "newsSplashProduct": false,
            "notAllowedB2b": false,
            "notAllowedAnonymous": false,
            "productLine2": "STARBUCKS, 10p",
            "pickupProductLine2": "STARBUCKS, 10p",
            "priceUnit": "kr/st",
            "priceNoUnit": "51,95",
            "savingsAmount": 14.9,
            "googleAnalyticsCategory": "skafferi|kaffe|kapslar",
            "gdprTrackingIncompliant": false,
            "nicotineMedicalProduct": false,
            "tobaccoFreeNicotineProduct": false,
            "nonEkoProduct": false,
            "precautionaryStatements": [],
            "hazards": [],
            "tobaccoProduct": false,
            "showGoodPriceIcon": true,
            "labels": [],
            "seoDescription": "",
            "seoTitle": "",
            "manufacturer": "Starbucks",
            "incrementValue": 1.0,
            "productBasketType": {
                "code": "ST",
                "type": "ProductBasketTypeEnum"
            },
            "bargainProduct": false,
            "addToCartMessage": "",
            "thumbnail": {
                "imageType": "PRIMARY",
                "format": "thumbnail",
                "url": "https://assets.axfood.se/image/upload/f_auto,t_100/07613036957120_C1L1_s01",
                "altText": null,
                "galleryIndex": null,
                "width": null
            },
            "outOfStock": false,
            "online": true,
            "displayVolume": "10p",
            "addToCartDisabled": false,
            "name": "House Blend Kaffekapslar",
            "code": "101546127_ST"
        },
        {
            "potentialPromotions": [
                {
                    "threshold": null,
                    "applied": false,
                    "campaignType": "GENERAL",
                    "offerStatus": null,
                    "productCodes": [
                        "101498814_ST"
                    ],
                    "promotionTheme": {
                        "code": "Z019",
                        "visible": null
                    },
                    "textLabelGenerated": "Alltid bra pris!",
                    "textLabelManual": null,
                    "lowestHistoricalPrice": null,
                    "price": {
                        "currencyIso": "SEK",
                        "value": 11.0,
                        "priceType": "BUY",
                        "formattedValue": "11,00 kr",
                        "minQuantity": null,
                        "maxQuantity": null
                    },
                    "promotionType": "MixMatchPricePromotion",
                    "conditionLabel": "2 för",
                    "rewardLabel": "22 kr",
                    "textLabel": "Alltid bra pris!",
                    "redeemLimitLabel": "",
                    "cartLabel": null,
                    "validUntil": null,
                    "timesUsed": null,
                    "qualifyingCount": 2,
                    "comparePrice": "44,00 kr",
                    "splashTitleText": "Alltid bra pris",
                    "realMixAndMatch": false,
                    "mainProductCode": "101498814_ST",
                    "conditionLabelFormatted": "",
                    "promotionRedeemLimit": null,
                    "promotionPercentage": null,
                    "cartLabelFormatted": "",
                    "priority": 208,
                    "code": "10009465250"
                }
            ],
            "inactivePotentialPromotions": [],
            "priceValue": 12.95,
            "price": "12,95 kr",
            "image": {
                "imageType": "PRIMARY",
                "format": "product",
                "url": "https://assets.axfood.se/image/upload/f_auto,t_200/07611612121224_C1N1_s01",
                "altText": null,
                "galleryIndex": null,
                "width": null
            },
            "ranking": 20.9110903165842,
            "depositPrice": "",
            "averageWeight": null,
            "comparePrice": "51,80 kr",
            "comparePriceUnit": "kg",
            "isDrugProduct": false,
            "solrSearchScore": 0.7614262700080872,
            "energyDeclaration": null,
            "newsSplashProduct": false,
            "notAllowedB2b": false,
            "notAllowedAnonymous": false,
            "productLine2": "SPICEFIELD, 250g",
            "pickupProductLine2": "SPICEFIELD, 250g",
            "priceUnit": "kr/st",
            "priceNoUnit": "12,95",
            "savingsAmount": 3.9,
            "googleAnalyticsCategory": "skafferi|asien|nudlar-",
            "gdprTrackingIncompliant": false,
            "nicotineMedicalProduct": false,
            "tobaccoFreeNicotineProduct": false,
            "nonEkoProduct": false,
            "precautionaryStatements": [],
            "hazards": [],
            "tobaccoProduct": false,
            "showGoodPriceIcon": true,
            "labels": [],
            "seoDescription": "",
            "seoTitle": "",
            "manufacturer": "Spicefield",
            "incrementValue": 1.0,
            "productBasketType": {
                "code": "ST",
                "type": "ProductBasketTypeEnum"
            },
            "bargainProduct": false,
            "addToCartMessage": "",
            "thumbnail": {
                "imageType": "PRIMARY",
                "format": "thumbnail",
                "url": "https://assets.axfood.se/image/upload/f_auto,t_100/07611612121224_C1N1_s01",
                "altText": null,
                "galleryIndex": null,
                "width": null
            },
            "outOfStock": false,
            "online": true,
            "displayVolume": "250g",
            "addToCartDisabled": false,
            "name": "Äggnudlar",
            "code": "101498814_ST"
        },
        {
            "potentialPromotions": [
                {
                    "threshold": null,
                    "applied": false,
                    "campaignType": "GENERAL",
                    "offerStatus": null,
                    "productCodes": [
                        "101603430_ST",
                        "101603431_ST",
                        "101603432_ST"
                    ],
                    "promotionTheme": {
                        "code": "Z019",
                        "visible": null
                    },
                    "textLabelGenerated": "Alltid bra pris!",
                    "textLabelManual": null,
                    "lowestHistoricalPrice": null,
                    "price": {
                        "currencyIso": "SEK",
                        "value": 11.0,
                        "priceType": "BUY",
                        "formattedValue": "11,00 kr",
                        "minQuantity": null,
                        "maxQuantity": null
                    },
                    "promotionType": "MixMatchPricePromotion",
                    "conditionLabel": "3 för",
                    "rewardLabel": "33 kr",
                    "textLabel": "Alltid bra pris!",
                    "redeemLimitLabel": "",
                    "cartLabel": null,
                    "validUntil": null,
                    "timesUsed": null,
                    "qualifyingCount": 3,
                    "comparePrice": "73,33 kr",
                    "splashTitleText": "Alltid bra pris",
                    "realMixAndMatch": true,
                    "mainProductCode": "101603430_ST",
                    "conditionLabelFormatted": "",
                    "promotionRedeemLimit": null,
                    "promotionPercentage": null,
                    "cartLabelFormatted": "",
                    "priority": 208,
                    "code": "10009465246"
                }
            ],
            "inactivePotentialPromotions": [],
            "priceValue": 12.95,
            "price": "12,95 kr",
            "image": {
                "imageType": "PRIMARY",
                "format": "product",
                "url": "https://assets.axfood.se/image/upload/f_auto,t_200/07311041088692_C1N1_s01",
                "altText": null,
                "galleryIndex": null,
                "width": null
            },
            "ranking": 20.9110903133074,
            "depositPrice": "",
            "averageWeight": null,
            "comparePrice": "86,33 kr",
            "comparePriceUnit": "kg",
            "isDrugProduct": false,
            "solrSearchScore": 0.7614262700080872,
            "energyDeclaration": null,
            "newsSplashProduct": false,
            "notAllowedB2b": false,
            "notAllowedAnonymous": false,
            "productLine2": "SMART PETS, 150g",
            "pickupProductLine2": "SMART PETS, 150g",
            "priceUnit": "kr/st",
            "priceNoUnit": "12,95",
            "savingsAmount": 5.85,
            "googleAnalyticsCategory": "djur|hund|hundmat-vat",
            "gdprTrackingIncompliant": false,
            "nicotineMedicalProduct": false,
            "tobaccoFreeNicotineProduct": false,
            "nonEkoProduct": false,
            "precautionaryStatements": [],
            "hazards": [],
            "tobaccoProduct": false,
            "showGoodPriceIcon": true,
            "labels": [],
            "seoDescription": "",
            "seoTitle": "",
            "manufacturer": "Smart Pets",
            "incrementValue": 1.0,
            "productBasketType": {
                "code": "ST",
                "type": "ProductBasketTypeEnum"
            },
            "bargainProduct": false,
            "addToCartMessage": "",
            "thumbnail": {
                "imageType": "PRIMARY",
                "format": "thumbnail",
                "url": "https://assets.axfood.se/image/upload/f_auto,t_100/07311041088692_C1N1_s01",
                "altText": null,
                "galleryIndex": null,
                "width": null
            },
            "outOfStock": false,
            "online": true,
            "displayVolume": "150g",
            "addToCartDisabled": false,
            "name": "Paté med Oxe Hundmat",
            "code": "101603430_ST"
        },
        {
            "potentialPromotions": [
                {
                    "threshold": null,
                    "applied": false,
                    "campaignType": "GENERAL",
                    "offerStatus": null,
                    "productCodes": [
                        "101220545_ST",
                        "101220567_ST",
                        "101220601_ST",
                        "101220629_ST",
                        "101220646_ST",
                        "101220674_ST",
                        "101220688_ST",
                        "101272649_ST",
                        "101361962_ST",
                        "101361963_ST",
                        "101361964_ST"
                    ],
                    "promotionTheme": {
                        "code": "Z019",
                        "visible": null
                    },
                    "textLabelGenerated": "Alltid bra pris!",
                    "textLabelManual": null,
                    "lowestHistoricalPrice": null,
                    "price": {
                        "currencyIso": "SEK",
                        "value": 9.0,
                        "priceType": "BUY",
                        "formattedValue": "9,00 kr",
                        "minQuantity": null,
                        "maxQuantity": null
                    },
                    "promotionType": "MixMatchPricePromotion",
                    "conditionLabel": "5 för",
                    "rewardLabel": "45 kr",
                    "textLabel": "Alltid bra pris!",
                    "redeemLimitLabel": "",
                    "cartLabel": null,
                    "validUntil": null,
                    "timesUsed": null,
                    "qualifyingCount": 5,
                    "comparePrice": "105,88 kr",
                    "splashTitleText": "Alltid bra pris",
                    "realMixAndMatch": true,
                    "mainProductCode": "101220545_ST",
                    "conditionLabelFormatted": "",
                    "promotionRedeemLimit": null,
                    "promotionPercentage": null,
                    "cartLabelFormatted": "",
                    "priority": 208,
                    "code": "10009465245"
                }
            ],
            "inactivePotentialPromotions": [],
            "priceValue": 10.95,
            "price": "10,95 kr",
            "image": {
                "imageType": "PRIMARY",
                "format": "product",
                "url": "https://assets.axfood.se/image/upload/f_auto,t_200/03065890122468_C1N1_s01",
                "altText": null,
                "galleryIndex": null,
                "width": null
            },
            "ranking": 20.911090310030602,
            "depositPrice": "",
            "averageWeight": null,
            "comparePrice": "128,82 kr",
            "comparePriceUnit": "kg",
            "isDrugProduct": false,
            "solrSearchScore": 0.7614262700080872,
            "energyDeclaration": null,
            "newsSplashProduct": false,
            "notAllowedB2b": false,
            "notAllowedAnonymous": false,
            "productLine2": "SHEBA, 85g",
            "pickupProductLine2": "SHEBA, 85g",
            "priceUnit": "kr/st",
            "priceNoUnit": "10,95",
            "savingsAmount": 9.75,
            "googleAnalyticsCategory": "djur|katt|kattmat-vat",
            "gdprTrackingIncompliant": false,
            "nicotineMedicalProduct": false,
            "tobaccoFreeNicotineProduct": false,
            "nonEkoProduct": false,
            "precautionaryStatements": [],
            "hazards": [],
            "tobaccoProduct": false,
            "showGoodPriceIcon": true,
            "labels": [],
            "seoDescription": "",
            "seoTitle": "",
            "manufacturer": "Sheba",
            "incrementValue": 1.0,
            "productBasketType": {
                "code": "ST",
                "type": "ProductBasketTypeEnum"
            },
            "bargainProduct": false,
            "addToCartMessage": "",
            "thumbnail": {
                "imageType": "PRIMARY",
                "format": "thumbnail",
                "url": "https://assets.axfood.se/image/upload/f_auto,t_100/03065890122468_C1N1_s01",
                "altText": null,
                "galleryIndex": null,
                "width": null
            },
            "outOfStock": false,
            "online": true,
            "displayVolume": "85g",
            "addToCartDisabled": false,
            "name": "Fjäderfä Selection Kattmat i Sås",
            "code": "101220545_ST"
        },
        {
            "potentialPromotions": [
                {
                    "threshold": null,
                    "applied": false,
                    "campaignType": "GENERAL",
                    "offerStatus": null,
                    "productCodes": [
                        "101255107_ST",
                        "101255168_ST",
                        "101255170_ST"
                    ],
                    "promotionTheme": {
                        "code": "Z019",
                        "visible": null
                    },
                    "textLabelGenerated": "Alltid bra pris!",
                    "textLabelManual": null,
                    "lowestHistoricalPrice": null,
                    "price": {
                        "currencyIso": "SEK",
                        "value": 17.5,
                        "priceType": "BUY",
                        "formattedValue": "17,50 kr",
                        "minQuantity": null,
                        "maxQuantity": null
                    },
                    "promotionType": "MixMatchPricePromotion",
                    "conditionLabel": "2 för",
                    "rewardLabel": "35 kr",
                    "textLabel": "Alltid bra pris!",
                    "redeemLimitLabel": "",
                    "cartLabel": null,
                    "validUntil": null,
                    "timesUsed": null,
                    "qualifyingCount": 2,
                    "comparePrice": "500,00 kr",
                    "splashTitleText": "Alltid bra pris",
                    "realMixAndMatch": true,
                    "mainProductCode": "101255107_ST",
                    "conditionLabelFormatted": "",
                    "promotionRedeemLimit": null,
                    "promotionPercentage": null,
                    "cartLabelFormatted": "",
                    "priority": 208,
                    "code": "10009465244"
                }
            ],
            "inactivePotentialPromotions": [],
            "priceValue": 19.95,
            "price": "19,95 kr",
            "image": {
                "imageType": "PRIMARY",
                "format": "product",
                "url": "https://assets.axfood.se/image/upload/f_auto,t_200/07311311003486_C1N1_s01",
                "altText": null,
                "galleryIndex": null,
                "width": null
            },
            "ranking": 20.9110903067538,
            "depositPrice": "",
            "averageWeight": null,
            "comparePrice": "570,00 kr",
            "comparePriceUnit": "kg",
            "isDrugProduct": false,
            "solrSearchScore": 0.7614262700080872,
            "energyDeclaration": null,
            "newsSplashProduct": false,
            "notAllowedB2b": false,
            "notAllowedAnonymous": false,
            "productLine2": "SANTA MARIA, 35g",
            "pickupProductLine2": "SANTA MARIA, 35g",
            "priceUnit": "kr/st",
            "priceNoUnit": "19,95",
            "savingsAmount": 4.9,
            "googleAnalyticsCategory": "skafferi|asien|ovrigt-asien",
            "gdprTrackingIncompliant": false,
            "nicotineMedicalProduct": false,
            "tobaccoFreeNicotineProduct": false,
            "nonEkoProduct": false,
            "precautionaryStatements": [],
            "hazards": [],
            "tobaccoProduct": false,
            "showGoodPriceIcon": true,
            "labels": [],
            "seoDescription": "",
            "seoTitle": "",
            "manufacturer": "Santa Maria",
            "incrementValue": 1.0,
            "productBasketType": {
                "code": "ST",
                "type": "ProductBasketTypeEnum"
            },
            "bargainProduct": false,
            "addToCartMessage": "",
            "thumbnail": {
                "imageType": "PRIMARY",
                "format": "thumbnail",
                "url": "https://assets.axfood.se/image/upload/f_auto,t_100/07311311003486_C1N1_s01",
                "altText": null,
                "galleryIndex": null,
                "width": null
            },
            "outOfStock": false,
            "online": true,
            "displayVolume": "35g",
            "addToCartDisabled": false,
            "name": "Tandoori Chicken Indian Spices",
            "code": "101255107_ST"
        },
        {
            "potentialPromotions": [
                {
                    "threshold": null,
                    "applied": false,
                    "campaignType": "GENERAL",
                    "offerStatus": null,
                    "productCodes": [
                        "101229322_ST",
                        "101229323_ST",
                        "101229336_ST",
                        "101256543_ST",
                        "101256544_ST",
                        "101306433_ST",
                        "101306434_ST",
                        "101306435_ST"
                    ],
                    "promotionTheme": {
                        "code": "Z019",
                        "visible": null
                    },
                    "textLabelGenerated": "Alltid bra pris!",
                    "textLabelManual": null,
                    "lowestHistoricalPrice": null,
                    "price": {
                        "currencyIso": "SEK",
                        "value": 27.5,
                        "priceType": "BUY",
                        "formattedValue": "27,50 kr",
                        "minQuantity": null,
                        "maxQuantity": null
                    },
                    "promotionType": "MixMatchPricePromotion",
                    "conditionLabel": "2 för",
                    "rewardLabel": "55 kr",
                    "textLabel": "Alltid bra pris!",
                    "redeemLimitLabel": "",
                    "cartLabel": null,
                    "validUntil": null,
                    "timesUsed": null,
                    "qualifyingCount": 2,
                    "comparePrice": "1,31 kr",
                    "splashTitleText": "Alltid bra pris",
                    "realMixAndMatch": true,
                    "mainProductCode": "101229322_ST",
                    "conditionLabelFormatted": "",
                    "promotionRedeemLimit": null,
                    "promotionPercentage": null,
                    "cartLabelFormatted": "",
                    "priority": 208,
                    "code": "10009465243"
                }
            ],
            "inactivePotentialPromotions": [],
            "priceValue": 31.95,
            "price": "31,95 kr",
            "image": {
                "imageType": "PRIMARY",
                "format": "product",
                "url": "https://assets.axfood.se/image/upload/f_auto,t_200/07340083436864_C1L1_s04",
                "altText": null,
                "galleryIndex": null,
                "width": null
            },
            "ranking": 20.911090303477,
            "depositPrice": "",
            "averageWeight": null,
            "comparePrice": "1,52 kr",
            "comparePriceUnit": "tvätt",
            "isDrugProduct": false,
            "solrSearchScore": 0.7614262700080872,
            "energyDeclaration": null,
            "newsSplashProduct": false,
            "notAllowedB2b": false,
            "notAllowedAnonymous": false,
            "productLine2": "FIXA, 750g",
            "pickupProductLine2": "FIXA, 750g",
            "priceUnit": "kr/st",
            "priceNoUnit": "31,95",
            "savingsAmount": 8.9,
            "googleAnalyticsCategory": "hem-och-hushall|tvatt|tvattmedel",
            "gdprTrackingIncompliant": false,
            "nicotineMedicalProduct": false,
            "tobaccoFreeNicotineProduct": false,
            "nonEkoProduct": false,
            "precautionaryStatements": [],
            "hazards": [],
            "tobaccoProduct": false,
            "showGoodPriceIcon": true,
            "labels": [
                "swan",
                "warning",
                "exclamation_mark",
                "environmental_facet"
            ],
            "seoDescription": "",
            "seoTitle": "",
            "manufacturer": "Fixa",
            "incrementValue": 1.0,
            "productBasketType": {
                "code": "ST",
                "type": "ProductBasketTypeEnum"
            },
            "bargainProduct": false,
            "addToCartMessage": "",
            "thumbnail": {
                "imageType": "PRIMARY",
                "format": "thumbnail",
                "url": "https://assets.axfood.se/image/upload/f_auto,t_100/07340083436864_C1L1_s04",
                "altText": null,
                "galleryIndex": null,
                "width": null
            },
            "outOfStock": false,
            "online": true,
            "displayVolume": "750g",
            "addToCartDisabled": false,
            "name": "Color Tvättmedel Pulver",
            "code": "101229322_ST"
        },
        {
            "potentialPromotions": [
                {
                    "threshold": null,
                    "applied": false,
                    "campaignType": "GENERAL",
                    "offerStatus": null,
                    "productCodes": [
                        "101274717_ST",
                        "101338973_ST",
                        "101600280_ST",
                        "101670684_ST",
                        "101760248_ST"
                    ],
                    "promotionTheme": {
                        "code": "Z019",
                        "visible": null
                    },
                    "textLabelGenerated": "Alltid bra pris!",
                    "textLabelManual": null,
                    "lowestHistoricalPrice": null,
                    "price": {
                        "currencyIso": "SEK",
                        "value": 19.0,
                        "priceType": "BUY",
                        "formattedValue": "19,00 kr",
                        "minQuantity": null,
                        "maxQuantity": null
                    },
                    "promotionType": "MixMatchPricePromotion",
                    "conditionLabel": "2 för",
                    "rewardLabel": "38 kr",
                    "textLabel": "Alltid bra pris!",
                    "redeemLimitLabel": "",
                    "cartLabel": null,
                    "validUntil": null,
                    "timesUsed": null,
                    "qualifyingCount": 2,
                    "comparePrice": "345,45 kr",
                    "splashTitleText": "Alltid bra pris",
                    "realMixAndMatch": true,
                    "mainProductCode": "101274717_ST",
                    "conditionLabelFormatted": "",
                    "promotionRedeemLimit": null,
                    "promotionPercentage": null,
                    "cartLabelFormatted": "",
                    "priority": 208,
                    "code": "10009465242"
                }
            ],
            "inactivePotentialPromotions": [],
            "priceValue": 22.95,
            "price": "22,95 kr",
            "image": {
                "imageType": "PRIMARY",
                "format": "product",
                "url": "https://assets.axfood.se/image/upload/f_auto,t_200/07350068294082_C1N1_s04",
                "altText": null,
                "galleryIndex": null,
                "width": null
            },
            "ranking": 20.9110903002002,
            "depositPrice": "",
            "averageWeight": null,
            "comparePrice": "417,27 kr",
            "comparePriceUnit": "kg",
            "isDrugProduct": false,
            "solrSearchScore": 0.7614262700080872,
            "energyDeclaration": null,
            "newsSplashProduct": false,
            "notAllowedB2b": false,
            "notAllowedAnonymous": false,
            "productLine2": "PROPUD, 55g",
            "pickupProductLine2": "PROPUD, 55g",
            "priceUnit": "kr/st",
            "priceNoUnit": "22,95",
            "savingsAmount": 7.9,
            "googleAnalyticsCategory": "halsa-och-skonhet|traning-",
            "gdprTrackingIncompliant": false,
            "nicotineMedicalProduct": false,
            "tobaccoFreeNicotineProduct": false,
            "nonEkoProduct": false,
            "precautionaryStatements": [],
            "hazards": [],
            "tobaccoProduct": false,
            "showGoodPriceIcon": true,
            "labels": [],
            "seoDescription": "",
            "seoTitle": "",
            "manufacturer": "Propud",
            "incrementValue": 1.0,
            "productBasketType": {
                "code": "ST",
                "type": "ProductBasketTypeEnum"
            },
            "bargainProduct": false,
            "addToCartMessage": "",
            "thumbnail": {
                "imageType": "PRIMARY",
                "format": "thumbnail",
                "url": "https://assets.axfood.se/image/upload/f_auto,t_100/07350068294082_C1N1_s04",
                "altText": null,
                "galleryIndex": null,
                "width": null
            },
            "outOfStock": false,
            "online": true,
            "displayVolume": "55g",
            "addToCartDisabled": false,
            "name": "Cookie Dough Propud Proteinbar",
            "code": "101274717_ST"
        },
        {
            "potentialPromotions": [
                {
                    "threshold": null,
                    "applied": false,
                    "campaignType": "GENERAL",
                    "offerStatus": null,
                    "productCodes": [
                        "101752412_ST",
                        "101752413_ST",
                        "101752414_ST"
                    ],
                    "promotionTheme": {
                        "code": "Z019",
                        "visible": null
                    },
                    "textLabelGenerated": "Alltid bra pris!",
                    "textLabelManual": null,
                    "lowestHistoricalPrice": null,
                    "price": {
                        "currencyIso": "SEK",
                        "value": 29.0,
                        "priceType": "BUY",
                        "formattedValue": "29,00 kr",
                        "minQuantity": null,
                        "maxQuantity": null
                    },
                    "promotionType": "MixMatchPricePromotion",
                    "conditionLabel": "2 för",
                    "rewardLabel": "58 kr",
                    "textLabel": "Alltid bra pris!",
                    "redeemLimitLabel": "",
                    "cartLabel": null,
                    "validUntil": null,
                    "timesUsed": null,
                    "qualifyingCount": 2,
                    "comparePrice": "1,61 kr",
                    "splashTitleText": "Alltid bra pris",
                    "realMixAndMatch": true,
                    "mainProductCode": "101752412_ST",
                    "conditionLabelFormatted": "",
                    "promotionRedeemLimit": null,
                    "promotionPercentage": null,
                    "cartLabelFormatted": "",
                    "priority": 208,
                    "code": "10009465241"
                }
            ],
            "inactivePotentialPromotions": [],
            "priceValue": 31.95,
            "price": "31,95 kr",
            "image": {
                "imageType": "PRIMARY",
                "format": "product",
                "url": "https://assets.axfood.se/image/upload/f_auto,t_200/07311043020980_C1N1_s01",
                "altText": null,
                "galleryIndex": null,
                "width": null
            },
            "ranking": 20.9110902969234,
            "depositPrice": "",
            "averageWeight": null,
            "comparePrice": "1,78 kr",
            "comparePriceUnit": "tvätt",
            "isDrugProduct": false,
            "solrSearchScore": 0.7614262700080872,
            "energyDeclaration": null,
            "newsSplashProduct": false,
            "notAllowedB2b": false,
            "notAllowedAnonymous": false,
            "productLine2": "FIXA, 750ml",
            "pickupProductLine2": "FIXA, 750ml",
            "priceUnit": "kr/st",
            "priceNoUnit": "31,95",
            "savingsAmount": 5.9,
            "googleAnalyticsCategory": "hem-och-hushall|tvatt|tvattmedel",
            "gdprTrackingIncompliant": false,
            "nicotineMedicalProduct": false,
            "tobaccoFreeNicotineProduct": false,
            "nonEkoProduct": false,
            "precautionaryStatements": [],
            "hazards": [],
            "tobaccoProduct": false,
            "showGoodPriceIcon": true,
            "labels": [],
            "seoDescription": "",
            "seoTitle": "",
            "manufacturer": "Fixa",
            "incrementValue": 1.0,
            "productBasketType": {
                "code": "ST",
                "type": "ProductBasketTypeEnum"
            },
            "bargainProduct": false,
            "addToCartMessage": "",
            "thumbnail": {
                "imageType": "PRIMARY",
                "format": "thumbnail",
                "url": "https://assets.axfood.se/image/upload/f_auto,t_100/07311043020980_C1N1_s01",
                "altText": null,
                "galleryIndex": null,
                "width": null
            },
            "outOfStock": false,
            "online": true,
            "displayVolume": "750ml",
            "addToCartDisabled": false,
            "name": "Color Sensitive Flytande Tvättmedel",
            "code": "101752412_ST"
        },
        {
            "potentialPromotions": [
                {
                    "threshold": null,
                    "applied": false,
                    "campaignType": "GENERAL",
                    "offerStatus": null,
                    "productCodes": [
                        "101290434_ST",
                        "101290435_ST",
                        "101290436_ST",
                        "101649651_ST"
                    ],
                    "promotionTheme": {
                        "code": "Z019",
                        "visible": null
                    },
                    "textLabelGenerated": "Alltid bra pris!",
                    "textLabelManual": null,
                    "lowestHistoricalPrice": null,
                    "price": {
                        "currencyIso": "SEK",
                        "value": 12.0,
                        "priceType": "BUY",
                        "formattedValue": "12,00 kr",
                        "minQuantity": null,
                        "maxQuantity": null
                    },
                    "promotionType": "MixMatchPricePromotion",
                    "conditionLabel": "2 för",
                    "rewardLabel": "24 kr",
                    "textLabel": "Alltid bra pris!",
                    "redeemLimitLabel": "",
                    "cartLabel": null,
                    "validUntil": null,
                    "timesUsed": null,
                    "qualifyingCount": 2,
                    "comparePrice": "16,00 kr",
                    "splashTitleText": "Alltid bra pris",
                    "realMixAndMatch": true,
                    "mainProductCode": "101290434_ST",
                    "conditionLabelFormatted": "",
                    "promotionRedeemLimit": null,
                    "promotionPercentage": null,
                    "cartLabelFormatted": "",
                    "priority": 208,
                    "code": "10009465237"
                }
            ],
            "inactivePotentialPromotions": [],
            "priceValue": 13.95,
            "price": "13,95 kr",
            "image": {
                "imageType": "PRIMARY",
                "format": "product",
                "url": "https://assets.axfood.se/image/upload/f_auto,t_200/07340083474088_C1N1_s01",
                "altText": null,
                "galleryIndex": null,
                "width": null
            },
            "ranking": 20.9110902936466,
            "depositPrice": "",
            "averageWeight": null,
            "comparePrice": "18,60 kr",
            "comparePriceUnit": "l",
            "isDrugProduct": false,
            "solrSearchScore": 0.7614262700080872,
            "energyDeclaration": null,
            "newsSplashProduct": false,
            "notAllowedB2b": false,
            "notAllowedAnonymous": false,
            "productLine2": "PREMIER, 3p/25cl",
            "pickupProductLine2": "PREMIER, 3p/25cl",
            "priceUnit": "kr/st",
            "priceNoUnit": "13,95",
            "savingsAmount": 3.9,
            "googleAnalyticsCategory": "dryck|saft-och-stilldrink|stilldrink",
            "gdprTrackingIncompliant": false,
            "nicotineMedicalProduct": false,
            "tobaccoFreeNicotineProduct": false,
            "nonEkoProduct": false,
            "precautionaryStatements": [],
            "hazards": [],
            "tobaccoProduct": false,
            "showGoodPriceIcon": true,
            "labels": [],
            "seoDescription": "",
            "seoTitle": "",
            "manufacturer": "Premier",
            "incrementValue": 1.0,
            "productBasketType": {
                "code": "ST",
                "type": "ProductBasketTypeEnum"
            },
            "bargainProduct": false,
            "addToCartMessage": "",
            "thumbnail": {
                "imageType": "PRIMARY",
                "format": "thumbnail",
                "url": "https://assets.axfood.se/image/upload/f_auto,t_100/07340083474088_C1N1_s01",
                "altText": null,
                "galleryIndex": null,
                "width": null
            },
            "outOfStock": false,
            "online": true,
            "displayVolume": "3p/25cl",
            "addToCartDisabled": false,
            "name": "Hallondryck Mindre Socker Fruktdryck Tetra",
            "code": "101290434_ST"
        },
        {
            "potentialPromotions": [
                {
                    "threshold": null,
                    "applied": false,
                    "campaignType": "GENERAL",
                    "offerStatus": null,
                    "productCodes": [
                        "101278249_ST",
                        "101278250_ST",
                        "101278251_ST",
                        "101300152_ST"
                    ],
                    "promotionTheme": {
                        "code": "Z019",
                        "visible": null
                    },
                    "textLabelGenerated": "Alltid bra pris!",
                    "textLabelManual": null,
                    "lowestHistoricalPrice": null,
                    "price": {
                        "currencyIso": "SEK",
                        "value": 11.0,
                        "priceType": "BUY",
                        "formattedValue": "11,00 kr",
                        "minQuantity": null,
                        "maxQuantity": null
                    },
                    "promotionType": "MixMatchPricePromotion",
                    "conditionLabel": "2 för",
                    "rewardLabel": "22 kr",
                    "textLabel": "Alltid bra pris!",
                    "redeemLimitLabel": "",
                    "cartLabel": null,
                    "validUntil": null,
                    "timesUsed": null,
                    "qualifyingCount": 2,
                    "comparePrice": "11,00 kr",
                    "splashTitleText": "Alltid bra pris",
                    "realMixAndMatch": true,
                    "mainProductCode": "101278249_ST",
                    "conditionLabelFormatted": "",
                    "promotionRedeemLimit": null,
                    "promotionPercentage": null,
                    "cartLabelFormatted": "",
                    "priority": 208,
                    "code": "10009465236"
                }
            ],
            "inactivePotentialPromotions": [],
            "priceValue": 11.95,
            "price": "11,95 kr",
            "image": {
                "imageType": "PRIMARY",
                "format": "product",
                "url": "https://assets.axfood.se/image/upload/f_auto,t_200/07611612401128_C1N1_s02",
                "altText": null,
                "galleryIndex": null,
                "width": null
            },
            "ranking": 20.9110902903698,
            "depositPrice": "1,00 kr",
            "averageWeight": null,
            "comparePrice": "11,95 kr",
            "comparePriceUnit": "l",
            "isDrugProduct": false,
            "solrSearchScore": 0.7614262700080872,
            "energyDeclaration": null,
            "newsSplashProduct": false,
            "notAllowedB2b": false,
            "notAllowedAnonymous": false,
            "productLine2": "PREMIER, 1l",
            "pickupProductLine2": "PREMIER, 1l",
            "priceUnit": "kr/st",
            "priceNoUnit": "11,95",
            "savingsAmount": 1.9,
            "googleAnalyticsCategory": "dryck|ol-cider-och-vin|cider",
            "gdprTrackingIncompliant": true,
            "nicotineMedicalProduct": false,
            "tobaccoFreeNicotineProduct": false,
            "nonEkoProduct": false,
            "precautionaryStatements": [],
            "hazards": [],
            "tobaccoProduct": false,
            "showGoodPriceIcon": true,
            "labels": [],
            "seoDescription": "",
            "seoTitle": "",
            "manufacturer": "Premier",
            "incrementValue": 1.0,
            "productBasketType": {
                "code": "ST",
                "type": "ProductBasketTypeEnum"
            },
            "bargainProduct": false,
            "addToCartMessage": "",
            "thumbnail": {
                "imageType": "PRIMARY",
                "format": "thumbnail",
                "url": "https://assets.axfood.se/image/upload/f_auto,t_100/07611612401128_C1N1_s02",
                "altText": null,
                "galleryIndex": null,
                "width": null
            },
            "outOfStock": false,
            "online": true,
            "displayVolume": "1l",
            "addToCartDisabled": false,
            "name": "Päron Mousserande Dryck Ciderkaraktär Pet",
            "code": "101278249_ST"
        },
        {
            "potentialPromotions": [
                {
                    "threshold": null,
                    "applied": false,
                    "campaignType": "GENERAL",
                    "offerStatus": null,
                    "productCodes": [
                        "101320355_ST",
                        "101475658_ST",
                        "101705981_ST"
                    ],
                    "promotionTheme": {
                        "code": "Z019",
                        "visible": null
                    },
                    "textLabelGenerated": "Alltid bra pris!",
                    "textLabelManual": null,
                    "lowestHistoricalPrice": null,
                    "price": {
                        "currencyIso": "SEK",
                        "value": 12.0,
                        "priceType": "BUY",
                        "formattedValue": "12,00 kr",
                        "minQuantity": null,
                        "maxQuantity": null
                    },
                    "promotionType": "MixMatchPricePromotion",
                    "conditionLabel": "2 för",
                    "rewardLabel": "24 kr",
                    "textLabel": "Alltid bra pris!",
                    "redeemLimitLabel": "",
                    "cartLabel": null,
                    "validUntil": null,
                    "timesUsed": null,
                    "qualifyingCount": 2,
                    "comparePrice": "24,00 kr",
                    "splashTitleText": "Alltid bra pris",
                    "realMixAndMatch": true,
                    "mainProductCode": "101320355_ST",
                    "conditionLabelFormatted": "",
                    "promotionRedeemLimit": null,
                    "promotionPercentage": null,
                    "cartLabelFormatted": "",
                    "priority": 208,
                    "code": "10009465235"
                }
            ],
            "inactivePotentialPromotions": [],
            "priceValue": 13.95,
            "price": "13,95 kr",
            "image": {
                "imageType": "PRIMARY",
                "format": "product",
                "url": "https://assets.axfood.se/image/upload/f_auto,t_200/07611612221955_C1N1_s02",
                "altText": null,
                "galleryIndex": null,
                "width": null
            },
            "ranking": 20.911090287093,
            "depositPrice": "1,00 kr",
            "averageWeight": null,
            "comparePrice": "27,90 kr",
            "comparePriceUnit": "l",
            "isDrugProduct": false,
            "solrSearchScore": 0.7614262700080872,
            "energyDeclaration": null,
            "newsSplashProduct": false,
            "notAllowedB2b": false,
            "notAllowedAnonymous": false,
            "productLine2": "POWERKING, 50cl",
            "pickupProductLine2": "POWERKING, 50cl",
            "priceUnit": "kr/st",
            "priceNoUnit": "13,95",
            "savingsAmount": 3.9,
            "googleAnalyticsCategory": "dryck|sport-och-energidryck|sport-aterhamtning",
            "gdprTrackingIncompliant": false,
            "nicotineMedicalProduct": false,
            "tobaccoFreeNicotineProduct": false,
            "nonEkoProduct": false,
            "precautionaryStatements": [],
            "hazards": [],
            "tobaccoProduct": false,
            "showGoodPriceIcon": true,
            "labels": [],
            "seoDescription": "",
            "seoTitle": "",
            "manufacturer": "Powerking",
            "incrementValue": 1.0,
            "productBasketType": {
                "code": "ST",
                "type": "ProductBasketTypeEnum"
            },
            "bargainProduct": false,
            "addToCartMessage": "",
            "thumbnail": {
                "imageType": "PRIMARY",
                "format": "thumbnail",
                "url": "https://assets.axfood.se/image/upload/f_auto,t_100/07611612221955_C1N1_s02",
                "altText": null,
                "galleryIndex": null,
                "width": null
            },
            "outOfStock": false,
            "online": true,
            "displayVolume": "50cl",
            "addToCartDisabled": false,
            "name": "Tropical Hydrate Sportdryck Pet",
            "code": "101320355_ST"
        },
        {
            "potentialPromotions": [
                {
                    "threshold": null,
                    "applied": false,
                    "campaignType": "GENERAL",
                    "offerStatus": null,
                    "productCodes": [
                        "101448299_ST",
                        "101448300_ST",
                        "101448301_ST"
                    ],
                    "promotionTheme": {
                        "code": "Z019",
                        "visible": null
                    },
                    "textLabelGenerated": "Alltid bra pris!",
                    "textLabelManual": null,
                    "lowestHistoricalPrice": null,
                    "price": {
                        "currencyIso": "SEK",
                        "value": 14.0,
                        "priceType": "BUY",
                        "formattedValue": "14,00 kr",
                        "minQuantity": null,
                        "maxQuantity": null
                    },
                    "promotionType": "MixMatchPricePromotion",
                    "conditionLabel": "2 för",
                    "rewardLabel": "28 kr",
                    "textLabel": "Alltid bra pris!",
                    "redeemLimitLabel": "",
                    "cartLabel": null,
                    "validUntil": null,
                    "timesUsed": null,
                    "qualifyingCount": 2,
                    "comparePrice": "28,00 kr",
                    "splashTitleText": "Alltid bra pris",
                    "realMixAndMatch": true,
                    "mainProductCode": "101448299_ST",
                    "conditionLabelFormatted": "",
                    "promotionRedeemLimit": null,
                    "promotionPercentage": null,
                    "cartLabelFormatted": "",
                    "priority": 208,
                    "code": "10009465234"
                }
            ],
            "inactivePotentialPromotions": [],
            "priceValue": 17.95,
            "price": "17,95 kr",
            "image": {
                "imageType": "PRIMARY",
                "format": "product",
                "url": "https://assets.axfood.se/image/upload/f_auto,t_200/07611612222310_C1N1_s02",
                "altText": null,
                "galleryIndex": null,
                "width": null
            },
            "ranking": 20.9110902838162,
            "depositPrice": "1,00 kr",
            "averageWeight": null,
            "comparePrice": "35,90 kr",
            "comparePriceUnit": "l",
            "isDrugProduct": false,
            "solrSearchScore": 0.7614262700080872,
            "energyDeclaration": null,
            "newsSplashProduct": false,
            "notAllowedB2b": false,
            "notAllowedAnonymous": false,
            "productLine2": "POWERKING, 50cl",
            "pickupProductLine2": "POWERKING, 50cl",
            "priceUnit": "kr/st",
            "priceNoUnit": "17,95",
            "savingsAmount": 7.9,
            "googleAnalyticsCategory": "dryck|sport-och-energidryck|sport-aterhamtning",
            "gdprTrackingIncompliant": false,
            "nicotineMedicalProduct": false,
            "tobaccoFreeNicotineProduct": false,
            "nonEkoProduct": false,
            "precautionaryStatements": [],
            "hazards": [],
            "tobaccoProduct": false,
            "showGoodPriceIcon": true,
            "labels": [],
            "seoDescription": "",
            "seoTitle": "",
            "manufacturer": "Powerking",
            "incrementValue": 1.0,
            "productBasketType": {
                "code": "ST",
                "type": "ProductBasketTypeEnum"
            },
            "bargainProduct": false,
            "addToCartMessage": "",
            "thumbnail": {
                "imageType": "PRIMARY",
                "format": "thumbnail",
                "url": "https://assets.axfood.se/image/upload/f_auto,t_100/07611612222310_C1N1_s02",
                "altText": null,
                "galleryIndex": null,
                "width": null
            },
            "outOfStock": false,
            "online": true,
            "displayVolume": "50cl",
            "addToCartDisabled": false,
            "name": "Hallon Vitaminvatten, Pet",
            "code": "101448299_ST"
        },
        {
            "potentialPromotions": [
                {
                    "threshold": null,
                    "applied": false,
                    "campaignType": "GENERAL",
                    "offerStatus": null,
                    "productCodes": [
                        "101618323_ST",
                        "101618324_ST",
                        "101618325_ST",
                        "101618326_ST"
                    ],
                    "promotionTheme": {
                        "code": "Z019",
                        "visible": null
                    },
                    "textLabelGenerated": "Alltid bra pris!",
                    "textLabelManual": null,
                    "lowestHistoricalPrice": null,
                    "price": {
                        "currencyIso": "SEK",
                        "value": 12.5,
                        "priceType": "BUY",
                        "formattedValue": "12,50 kr",
                        "minQuantity": null,
                        "maxQuantity": null
                    },
                    "promotionType": "MixMatchPricePromotion",
                    "conditionLabel": "2 för",
                    "rewardLabel": "25 kr",
                    "textLabel": "Alltid bra pris!",
                    "redeemLimitLabel": "",
                    "cartLabel": null,
                    "validUntil": null,
                    "timesUsed": null,
                    "qualifyingCount": 2,
                    "comparePrice": "312,50 kr",
                    "splashTitleText": "Alltid bra pris",
                    "realMixAndMatch": true,
                    "mainProductCode": "101260603_ST",
                    "conditionLabelFormatted": "",
                    "promotionRedeemLimit": null,
                    "promotionPercentage": null,
                    "cartLabelFormatted": "",
                    "priority": 208,
                    "code": "10009465233"
                }
            ],
            "inactivePotentialPromotions": [],
            "priceValue": 13.95,
            "price": "13,95 kr",
            "image": {
                "imageType": "PRIMARY",
                "format": "product",
                "url": "https://assets.axfood.se/image/upload/f_auto,t_200/07611612212113_C1N1_s02",
                "altText": null,
                "galleryIndex": null,
                "width": null
            },
            "ranking": 20.9110902805394,
            "depositPrice": "",
            "averageWeight": null,
            "comparePrice": "348,75 kr",
            "comparePriceUnit": "kg",
            "isDrugProduct": false,
            "solrSearchScore": 0.7614262700080872,
            "energyDeclaration": null,
            "newsSplashProduct": false,
            "notAllowedB2b": false,
            "notAllowedAnonymous": false,
            "productLine2": "POWERKING, 40g",
            "pickupProductLine2": "POWERKING, 40g",
            "priceUnit": "kr/st",
            "priceNoUnit": "13,95",
            "savingsAmount": 2.9,
            "googleAnalyticsCategory": "halsa-och-skonhet|traning-",
            "gdprTrackingIncompliant": false,
            "nicotineMedicalProduct": false,
            "tobaccoFreeNicotineProduct": false,
            "nonEkoProduct": false,
            "precautionaryStatements": [],
            "hazards": [],
            "tobaccoProduct": false,
            "showGoodPriceIcon": true,
            "labels": [
                "rainforest_alliance",
                "environmental_facet"
            ],
            "seoDescription": "",
            "seoTitle": "",
            "manufacturer": "Powerking",
            "incrementValue": 1.0,
            "productBasketType": {
                "code": "ST",
                "type": "ProductBasketTypeEnum"
            },
            "bargainProduct": false,
            "addToCartMessage": "",
            "thumbnail": {
                "imageType": "PRIMARY",
                "format": "thumbnail",
                "url": "https://assets.axfood.se/image/upload/f_auto,t_100/07611612212113_C1N1_s02",
                "altText": null,
                "galleryIndex": null,
                "width": null
            },
            "outOfStock": false,
            "online": true,
            "displayVolume": "40g",
            "addToCartDisabled": false,
            "name": "Chocolate Proteinbar",
            "code": "101618323_ST"
        },
        {
            "potentialPromotions": [
                {
                    "threshold": null,
                    "applied": false,
                    "campaignType": "GENERAL",
                    "offerStatus": null,
                    "productCodes": [
                        "101340756_ST"
                    ],
                    "promotionTheme": {
                        "code": "Z019",
                        "visible": null
                    },
                    "textLabelGenerated": "Alltid bra pris!",
                    "textLabelManual": null,
                    "lowestHistoricalPrice": null,
                    "price": {
                        "currencyIso": "SEK",
                        "value": 75.0,
                        "priceType": "BUY",
                        "formattedValue": "75,00 kr",
                        "minQuantity": null,
                        "maxQuantity": null
                    },
                    "promotionType": "MixMatchPricePromotion",
                    "conditionLabel": "2 för",
                    "rewardLabel": "150 kr",
                    "textLabel": "Alltid bra pris!",
                    "redeemLimitLabel": "",
                    "cartLabel": null,
                    "validUntil": null,
                    "timesUsed": null,
                    "qualifyingCount": 2,
                    "comparePrice": "50,00 kr",
                    "splashTitleText": "Alltid bra pris",
                    "realMixAndMatch": false,
                    "mainProductCode": "101340756_ST",
                    "conditionLabelFormatted": "",
                    "promotionRedeemLimit": null,
                    "promotionPercentage": null,
                    "cartLabelFormatted": "",
                    "priority": 208,
                    "code": "10009465232"
                }
            ],
            "inactivePotentialPromotions": [],
            "priceValue": 79.95,
            "price": "79,95 kr",
            "image": {
                "imageType": "PRIMARY",
                "format": "product",
                "url": "https://assets.axfood.se/image/upload/f_auto,t_200/07613287034540_C1N1_s01",
                "altText": null,
                "galleryIndex": null,
                "width": null
            },
            "ranking": 20.9110902772626,
            "depositPrice": "",
            "averageWeight": null,
            "comparePrice": "53,30 kr",
            "comparePriceUnit": "kg",
            "isDrugProduct": false,
            "solrSearchScore": 0.7614262700080872,
            "energyDeclaration": null,
            "newsSplashProduct": false,
            "notAllowedB2b": false,
            "notAllowedAnonymous": false,
            "productLine2": "ONE, 1,5kg",
            "pickupProductLine2": "ONE, 1,5kg",
            "priceUnit": "kr/st",
            "priceNoUnit": "79,95",
            "savingsAmount": 9.9,
            "googleAnalyticsCategory": "djur|hund|hundmat-torr",
            "gdprTrackingIncompliant": false,
            "nicotineMedicalProduct": false,
            "tobaccoFreeNicotineProduct": false,
            "nonEkoProduct": false,
            "precautionaryStatements": [],
            "hazards": [],
            "tobaccoProduct": false,
            "showGoodPriceIcon": true,
            "labels": [],
            "seoDescription": "",
            "seoTitle": "",
            "manufacturer": "One",
            "incrementValue": 1.0,
            "productBasketType": {
                "code": "ST",
                "type": "ProductBasketTypeEnum"
            },
            "bargainProduct": false,
            "addToCartMessage": "",
            "thumbnail": {
                "imageType": "PRIMARY",
                "format": "thumbnail",
                "url": "https://assets.axfood.se/image/upload/f_auto,t_100/07613287034540_C1N1_s01",
                "altText": null,
                "galleryIndex": null,
                "width": null
            },
            "outOfStock": false,
            "online": true,
            "displayVolume": "1,5kg",
            "addToCartDisabled": false,
            "name": "Adult Mini Small Ox Ris Torrfoder Hund",
            "code": "101340756_ST"
        },
        {
            "potentialPromotions": [
                {
                    "threshold": null,
                    "applied": false,
                    "campaignType": "GENERAL",
                    "offerStatus": null,
                    "productCodes": [
                        "101308929_ST",
                        "101308937_ST",
                        "101309813_ST",
                        "101517185_ST",
                        "101545835_ST"
                    ],
                    "promotionTheme": {
                        "code": "Z019",
                        "visible": null
                    },
                    "textLabelGenerated": "Alltid bra pris!",
                    "textLabelManual": null,
                    "lowestHistoricalPrice": null,
                    "price": {
                        "currencyIso": "SEK",
                        "value": 16.0,
                        "priceType": "BUY",
                        "formattedValue": "16,00 kr",
                        "minQuantity": null,
                        "maxQuantity": null
                    },
                    "promotionType": "MixMatchPricePromotion",
                    "conditionLabel": "2 för",
                    "rewardLabel": "32 kr",
                    "textLabel": "Alltid bra pris!",
                    "redeemLimitLabel": "",
                    "cartLabel": null,
                    "validUntil": null,
                    "timesUsed": null,
                    "qualifyingCount": 2,
                    "comparePrice": "16,00 kr",
                    "splashTitleText": "Alltid bra pris",
                    "realMixAndMatch": true,
                    "mainProductCode": "101308929_ST",
                    "conditionLabelFormatted": "",
                    "promotionRedeemLimit": null,
                    "promotionPercentage": null,
                    "cartLabelFormatted": "",
                    "priority": 208,
                    "code": "10009465231"
                }
            ],
            "inactivePotentialPromotions": [],
            "priceValue": 19.95,
            "price": "19,95 kr",
            "image": {
                "imageType": "PRIMARY",
                "format": "product",
                "url": "https://assets.axfood.se/image/upload/f_auto,t_200/07318140009030_C1L1_s03",
                "altText": null,
                "galleryIndex": null,
                "width": null
            },
            "ranking": 20.9110902739858,
            "depositPrice": "",
            "averageWeight": null,
            "comparePrice": "19,95 kr",
            "comparePriceUnit": "st",
            "isDrugProduct": false,
            "solrSearchScore": 0.7614262700080872,
            "energyDeclaration": null,
            "newsSplashProduct": false,
            "notAllowedB2b": false,
            "notAllowedAnonymous": false,
            "productLine2": "NORDISKA PLAST, st",
            "pickupProductLine2": "NORDISKA PLAST, st",
            "priceUnit": "kr/st",
            "priceNoUnit": "19,95",
            "savingsAmount": 7.9,
            "googleAnalyticsCategory": "hem-och-hushall|hem-och-inredning|matforvaring",
            "gdprTrackingIncompliant": false,
            "nicotineMedicalProduct": false,
            "tobaccoFreeNicotineProduct": false,
            "nonEkoProduct": false,
            "precautionaryStatements": [],
            "hazards": [],
            "tobaccoProduct": false,
            "showGoodPriceIcon": true,
            "labels": [],
            "seoDescription": "",
            "seoTitle": "",
            "manufacturer": "Nordiska Plast",
            "incrementValue": 1.0,
            "productBasketType": {
                "code": "ST",
                "type": "ProductBasketTypeEnum"
            },
            "bargainProduct": false,
            "addToCartMessage": "",
            "thumbnail": {
                "imageType": "PRIMARY",
                "format": "thumbnail",
                "url": "https://assets.axfood.se/image/upload/f_auto,t_100/07318140009030_C1L1_s03",
                "altText": null,
                "galleryIndex": null,
                "width": null
            },
            "outOfStock": false,
            "online": true,
            "displayVolume": "st",
            "addToCartDisabled": false,
            "name": "Matlåda 1l med Avdelare Turkos",
            "code": "101308929_ST"
        },
        {
            "potentialPromotions": [
                {
                    "threshold": null,
                    "applied": false,
                    "campaignType": "GENERAL",
                    "offerStatus": null,
                    "productCodes": [
                        "100254038_ST",
                        "101218581_ST",
                        "101696769_ST",
                        "101705726_ST"
                    ],
                    "promotionTheme": {
                        "code": "Z019",
                        "visible": null
                    },
                    "textLabelGenerated": "Alltid bra pris!",
                    "textLabelManual": null,
                    "lowestHistoricalPrice": null,
                    "price": {
                        "currencyIso": "SEK",
                        "value": 22.5,
                        "priceType": "BUY",
                        "formattedValue": "22,50 kr",
                        "minQuantity": null,
                        "maxQuantity": null
                    },
                    "promotionType": "MixMatchPricePromotion",
                    "conditionLabel": "2 för",
                    "rewardLabel": "45 kr",
                    "textLabel": "Alltid bra pris!",
                    "redeemLimitLabel": "",
                    "cartLabel": null,
                    "validUntil": null,
                    "timesUsed": null,
                    "qualifyingCount": 2,
                    "comparePrice": "90,00 kr",
                    "splashTitleText": "Alltid bra pris",
                    "realMixAndMatch": true,
                    "mainProductCode": "100254038_ST",
                    "conditionLabelFormatted": "",
                    "promotionRedeemLimit": null,
                    "promotionPercentage": null,
                    "cartLabelFormatted": "",
                    "priority": 208,
                    "code": "10009465230"
                }
            ],
            "inactivePotentialPromotions": [],
            "priceValue": 25.95,
            "price": "25,95 kr",
            "image": {
                "imageType": "PRIMARY",
                "format": "product",
                "url": "https://assets.axfood.se/image/upload/f_auto,t_200/04005808123834_C1N1_s03",
                "altText": null,
                "galleryIndex": null,
                "width": null
            },
            "ranking": 20.911090270709,
            "depositPrice": "",
            "averageWeight": null,
            "comparePrice": "103,80 kr",
            "comparePriceUnit": "l",
            "isDrugProduct": false,
            "solrSearchScore": 0.7614262700080872,
            "energyDeclaration": null,
            "newsSplashProduct": false,
            "notAllowedB2b": false,
            "notAllowedAnonymous": false,
            "productLine2": "NIVEA, 250ml",
            "pickupProductLine2": "NIVEA, 250ml",
            "priceUnit": "kr/st",
            "priceNoUnit": "25,95",
            "savingsAmount": 6.9,
            "googleAnalyticsCategory": "halsa-och-skonhet|kroppsvard|tval",
            "gdprTrackingIncompliant": false,
            "nicotineMedicalProduct": false,
            "tobaccoFreeNicotineProduct": false,
            "nonEkoProduct": false,
            "precautionaryStatements": [],
            "hazards": [],
            "tobaccoProduct": false,
            "showGoodPriceIcon": true,
            "labels": [],
            "seoDescription": "",
            "seoTitle": "",
            "manufacturer": "Nivea",
            "incrementValue": 1.0,
            "productBasketType": {
                "code": "ST",
                "type": "ProductBasketTypeEnum"
            },
            "bargainProduct": false,
            "addToCartMessage": "",
            "thumbnail": {
                "imageType": "PRIMARY",
                "format": "thumbnail",
                "url": "https://assets.axfood.se/image/upload/f_auto,t_100/04005808123834_C1N1_s03",
                "altText": null,
                "galleryIndex": null,
                "width": null
            },
            "outOfStock": false,
            "online": true,
            "displayVolume": "250ml",
            "addToCartDisabled": false,
            "name": "Creme Soft Almond Oil Duschkräm",
            "code": "100254038_ST"
        },
        {
            "potentialPromotions": [
                {
                    "threshold": null,
                    "applied": false,
                    "campaignType": "GENERAL",
                    "offerStatus": null,
                    "productCodes": [
                        "101328583_ST",
                        "101328651_ST",
                        "101328697_ST",
                        "101351685_ST"
                    ],
                    "promotionTheme": {
                        "code": "Z019",
                        "visible": null
                    },
                    "textLabelGenerated": "Alltid bra pris!",
                    "textLabelManual": null,
                    "lowestHistoricalPrice": null,
                    "price": {
                        "currencyIso": "SEK",
                        "value": 9.0,
                        "priceType": "BUY",
                        "formattedValue": "9,00 kr",
                        "minQuantity": null,
                        "maxQuantity": null
                    },
                    "promotionType": "MixMatchPricePromotion",
                    "conditionLabel": "2 för",
                    "rewardLabel": "18 kr",
                    "textLabel": "Alltid bra pris!",
                    "redeemLimitLabel": "",
                    "cartLabel": null,
                    "validUntil": null,
                    "timesUsed": null,
                    "qualifyingCount": 2,
                    "comparePrice": "90,00 kr",
                    "splashTitleText": "Alltid bra pris",
                    "realMixAndMatch": true,
                    "mainProductCode": "101328583_ST",
                    "conditionLabelFormatted": "",
                    "promotionRedeemLimit": null,
                    "promotionPercentage": null,
                    "cartLabelFormatted": "",
                    "priority": 208,
                    "code": "10009465229"
                }
            ],
            "inactivePotentialPromotions": [],
            "priceValue": 9.95,
            "price": "9,95 kr",
            "image": {
                "imageType": "PRIMARY",
                "format": "product",
                "url": "https://assets.axfood.se/image/upload/f_auto,t_200/08712429350209_C1N1_s03",
                "altText": null,
                "galleryIndex": null,
                "width": null
            },
            "ranking": 20.9110902674322,
            "depositPrice": "",
            "averageWeight": null,
            "comparePrice": "99,50 kr",
            "comparePriceUnit": "kg",
            "isDrugProduct": false,
            "solrSearchScore": 0.7614262700080872,
            "energyDeclaration": null,
            "newsSplashProduct": false,
            "notAllowedB2b": false,
            "notAllowedAnonymous": false,
            "productLine2": "NISSIN, 100g",
            "pickupProductLine2": "NISSIN, 100g",
            "priceUnit": "kr/st",
            "priceNoUnit": "9,95",
            "savingsAmount": 1.9,
            "googleAnalyticsCategory": "skafferi|asien|nudlar-",
            "gdprTrackingIncompliant": false,
            "nicotineMedicalProduct": false,
            "tobaccoFreeNicotineProduct": false,
            "nonEkoProduct": false,
            "precautionaryStatements": [],
            "hazards": [],
            "tobaccoProduct": false,
            "showGoodPriceIcon": true,
            "labels": [],
            "seoDescription": "",
            "seoTitle": "",
            "manufacturer": "Nissin",
            "incrementValue": 1.0,
            "productBasketType": {
                "code": "ST",
                "type": "ProductBasketTypeEnum"
            },
            "bargainProduct": false,
            "addToCartMessage": "",
            "thumbnail": {
                "imageType": "PRIMARY",
                "format": "thumbnail",
                "url": "https://assets.axfood.se/image/upload/f_auto,t_100/08712429350209_C1N1_s03",
                "altText": null,
                "galleryIndex": null,
                "width": null
            },
            "outOfStock": false,
            "online": true,
            "displayVolume": "100g",
            "addToCartDisabled": false,
            "name": "Demae Ramen Biff Nudlar",
            "code": "101328583_ST"
        },
        {
            "potentialPromotions": [
                {
                    "threshold": null,
                    "applied": false,
                    "campaignType": "GENERAL",
                    "offerStatus": null,
                    "productCodes": [
                        "101258703_ST",
                        "101428344_ST"
                    ],
                    "promotionTheme": {
                        "code": "Z019",
                        "visible": null
                    },
                    "textLabelGenerated": "Alltid bra pris!",
                    "textLabelManual": null,
                    "lowestHistoricalPrice": null,
                    "price": {
                        "currencyIso": "SEK",
                        "value": 8.333333333333334,
                        "priceType": "BUY",
                        "formattedValue": "8,33 kr",
                        "minQuantity": null,
                        "maxQuantity": null
                    },
                    "promotionType": "MixMatchPricePromotion",
                    "conditionLabel": "3 för",
                    "rewardLabel": "25 kr",
                    "textLabel": "Alltid bra pris!",
                    "redeemLimitLabel": "",
                    "cartLabel": null,
                    "validUntil": null,
                    "timesUsed": null,
                    "qualifyingCount": 3,
                    "comparePrice": "333,33 kr",
                    "splashTitleText": "Alltid bra pris",
                    "realMixAndMatch": true,
                    "mainProductCode": "101258703_ST",
                    "conditionLabelFormatted": "",
                    "promotionRedeemLimit": null,
                    "promotionPercentage": null,
                    "cartLabelFormatted": "",
                    "priority": 208,
                    "code": "10009465228"
                }
            ],
            "inactivePotentialPromotions": [],
            "priceValue": 9.95,
            "price": "9,95 kr",
            "image": {
                "imageType": "PRIMARY",
                "format": "product",
                "url": "https://assets.axfood.se/image/upload/f_auto,t_200/07613035497641_C1N1_s03",
                "altText": null,
                "galleryIndex": null,
                "width": null
            },
            "ranking": 20.9110902641554,
            "depositPrice": "",
            "averageWeight": null,
            "comparePrice": "398,00 kr",
            "comparePriceUnit": "kg",
            "isDrugProduct": false,
            "solrSearchScore": 0.7614262700080872,
            "energyDeclaration": null,
            "newsSplashProduct": false,
            "notAllowedB2b": false,
            "notAllowedAnonymous": false,
            "productLine2": "NESTLÉ, 25g",
            "pickupProductLine2": "NESTLÉ, 25g",
            "priceUnit": "kr/st",
            "priceNoUnit": "9,95",
            "savingsAmount": 4.849999999999998,
            "googleAnalyticsCategory": "barn|barnsnacks",
            "gdprTrackingIncompliant": false,
            "nicotineMedicalProduct": false,
            "tobaccoFreeNicotineProduct": false,
            "nonEkoProduct": false,
            "precautionaryStatements": [],
            "hazards": [],
            "tobaccoProduct": false,
            "showGoodPriceIcon": true,
            "labels": [],
            "seoDescription": "",
            "seoTitle": "",
            "manufacturer": "Nestlé",
            "incrementValue": 1.0,
            "productBasketType": {
                "code": "ST",
                "type": "ProductBasketTypeEnum"
            },
            "bargainProduct": false,
            "addToCartMessage": "",
            "thumbnail": {
                "imageType": "PRIMARY",
                "format": "thumbnail",
                "url": "https://assets.axfood.se/image/upload/f_auto,t_100/07613035497641_C1N1_s03",
                "altText": null,
                "galleryIndex": null,
                "width": null
            },
            "outOfStock": false,
            "online": true,
            "displayVolume": "25g",
            "addToCartDisabled": false,
            "name": "Fruktstång Blåbär Från 12 Månader",
            "code": "101258703_ST"
        },
        {
            "potentialPromotions": [
                {
                    "threshold": null,
                    "applied": false,
                    "campaignType": "GENERAL",
                    "offerStatus": null,
                    "productCodes": [
                        "101202634_ST",
                        "101202644_ST",
                        "101217995_ST",
                        "101258715_ST",
                        "101342135_ST",
                        "101705739_ST",
                        "101705740_ST",
                        "101705741_ST"
                    ],
                    "promotionTheme": {
                        "code": "Z019",
                        "visible": null
                    },
                    "textLabelGenerated": "Alltid bra pris!",
                    "textLabelManual": null,
                    "lowestHistoricalPrice": null,
                    "price": {
                        "currencyIso": "SEK",
                        "value": 11.0,
                        "priceType": "BUY",
                        "formattedValue": "11,00 kr",
                        "minQuantity": null,
                        "maxQuantity": null
                    },
                    "promotionType": "MixMatchPricePromotion",
                    "conditionLabel": "3 för",
                    "rewardLabel": "33 kr",
                    "textLabel": "Alltid bra pris!",
                    "redeemLimitLabel": "",
                    "cartLabel": null,
                    "validUntil": null,
                    "timesUsed": null,
                    "qualifyingCount": 3,
                    "comparePrice": "122,22 kr",
                    "splashTitleText": "Alltid bra pris",
                    "realMixAndMatch": true,
                    "mainProductCode": "101202634_ST",
                    "conditionLabelFormatted": "",
                    "promotionRedeemLimit": null,
                    "promotionPercentage": null,
                    "cartLabelFormatted": "",
                    "priority": 208,
                    "code": "10009465227"
                }
            ],
            "inactivePotentialPromotions": [],
            "priceValue": 11.95,
            "price": "11,95 kr",
            "image": {
                "imageType": "PRIMARY",
                "format": "product",
                "url": "https://assets.axfood.se/image/upload/f_auto,t_200/07613033881824_C1N1_s02",
                "altText": null,
                "galleryIndex": null,
                "width": null
            },
            "ranking": 20.9110902608786,
            "depositPrice": "",
            "averageWeight": null,
            "comparePrice": "132,78 kr",
            "comparePriceUnit": "kg",
            "isDrugProduct": false,
            "solrSearchScore": 0.7614262700080872,
            "energyDeclaration": null,
            "newsSplashProduct": false,
            "notAllowedB2b": false,
            "notAllowedAnonymous": false,
            "productLine2": "NESTLÉ, 90g",
            "pickupProductLine2": "NESTLÉ, 90g",
            "priceUnit": "kr/st",
            "priceNoUnit": "11,95",
            "savingsAmount": 2.85,
            "googleAnalyticsCategory": "barn|barnmat-och-fruktdryck|barnmat-5-6-man",
            "gdprTrackingIncompliant": false,
            "nicotineMedicalProduct": false,
            "tobaccoFreeNicotineProduct": false,
            "nonEkoProduct": false,
            "precautionaryStatements": [],
            "hazards": [],
            "tobaccoProduct": false,
            "showGoodPriceIcon": true,
            "labels": [],
            "seoDescription": "",
            "seoTitle": "",
            "manufacturer": "Nestlé",
            "incrementValue": 1.0,
            "productBasketType": {
                "code": "ST",
                "type": "ProductBasketTypeEnum"
            },
            "bargainProduct": false,
            "addToCartMessage": "",
            "thumbnail": {
                "imageType": "PRIMARY",
                "format": "thumbnail",
                "url": "https://assets.axfood.se/image/upload/f_auto,t_100/07613033881824_C1N1_s02",
                "altText": null,
                "galleryIndex": null,
                "width": null
            },
            "outOfStock": false,
            "online": true,
            "displayVolume": "90g",
            "addToCartDisabled": false,
            "name": "Fruktsmoothie Äpple Päron Från 6 Månader",
            "code": "101202634_ST"
        },
        {
            "potentialPromotions": [
                {
                    "threshold": null,
                    "applied": false,
                    "campaignType": "GENERAL",
                    "offerStatus": null,
                    "productCodes": [
                        "101331429_ST",
                        "101331447_ST",
                        "101331448_ST",
                        "101331449_ST",
                        "101331450_ST",
                        "101331452_ST",
                        "101331453_ST",
                        "101332101_ST",
                        "101384274_ST",
                        "101409087_ST",
                        "101409090_ST"
                    ],
                    "promotionTheme": {
                        "code": "Z019",
                        "visible": null
                    },
                    "textLabelGenerated": "Alltid bra pris!",
                    "textLabelManual": null,
                    "lowestHistoricalPrice": null,
                    "price": {
                        "currencyIso": "SEK",
                        "value": 69.5,
                        "priceType": "BUY",
                        "formattedValue": "69,50 kr",
                        "minQuantity": null,
                        "maxQuantity": null
                    },
                    "promotionType": "MixMatchPricePromotion",
                    "conditionLabel": "2 för",
                    "rewardLabel": "139 kr",
                    "textLabel": "Alltid bra pris!",
                    "redeemLimitLabel": "",
                    "cartLabel": null,
                    "validUntil": null,
                    "timesUsed": null,
                    "qualifyingCount": 2,
                    "comparePrice": null,
                    "splashTitleText": "Alltid bra pris",
                    "realMixAndMatch": true,
                    "mainProductCode": "101331429_ST",
                    "conditionLabelFormatted": "",
                    "promotionRedeemLimit": null,
                    "promotionPercentage": null,
                    "cartLabelFormatted": "",
                    "priority": 208,
                    "code": "10009465226"
                }
            ],
            "inactivePotentialPromotions": [],
            "priceValue": 76.95,
            "price": "76,95 kr",
            "image": {
                "imageType": "PRIMARY",
                "format": "product",
                "url": "https://assets.axfood.se/image/upload/f_auto,t_200/07332531095433_C1R1_s03",
                "altText": null,
                "galleryIndex": null,
                "width": null
            },
            "ranking": 20.9110902576018,
            "depositPrice": "",
            "averageWeight": null,
            "comparePrice": "",
            "comparePriceUnit": "",
            "isDrugProduct": false,
            "solrSearchScore": 0.7614262700080872,
            "energyDeclaration": null,
            "newsSplashProduct": false,
            "notAllowedB2b": false,
            "notAllowedAnonymous": false,
            "productLine2": "NATURAL&EASY, 1st",
            "pickupProductLine2": "NATURAL&EASY, 1st",
            "priceUnit": "kr/st",
            "priceNoUnit": "76,95",
            "savingsAmount": 14.9,
            "googleAnalyticsCategory": "halsa-och-skonhet|harvard|harfarg",
            "gdprTrackingIncompliant": false,
            "nicotineMedicalProduct": false,
            "tobaccoFreeNicotineProduct": false,
            "nonEkoProduct": false,
            "precautionaryStatements": [],
            "hazards": [],
            "tobaccoProduct": false,
            "showGoodPriceIcon": true,
            "labels": [],
            "seoDescription": "",
            "seoTitle": "",
            "manufacturer": "Natural&easy",
            "incrementValue": 1.0,
            "productBasketType": {
                "code": "ST",
                "type": "ProductBasketTypeEnum"
            },
            "bargainProduct": false,
            "addToCartMessage": "",
            "thumbnail": {
                "imageType": "PRIMARY",
                "format": "thumbnail",
                "url": "https://assets.axfood.se/image/upload/f_auto,t_100/07332531095433_C1R1_s03",
                "altText": null,
                "galleryIndex": null,
                "width": null
            },
            "outOfStock": false,
            "online": true,
            "displayVolume": "1st",
            "addToCartDisabled": false,
            "name": "Natural 522 Silver Ljusblond Permanent Hårfärg",
            "code": "101331429_ST"
        },
        {
            "potentialPromotions": [
                {
                    "threshold": null,
                    "applied": false,
                    "campaignType": "GENERAL",
                    "offerStatus": null,
                    "productCodes": [
                        "101240187_ST",
                        "101240218_ST",
                        "101550179_ST"
                    ],
                    "promotionTheme": {
                        "code": "Z019",
                        "visible": null
                    },
                    "textLabelGenerated": "Alltid bra pris!",
                    "textLabelManual": null,
                    "lowestHistoricalPrice": null,
                    "price": {
                        "currencyIso": "SEK",
                        "value": 9.0,
                        "priceType": "BUY",
                        "formattedValue": "9,00 kr",
                        "minQuantity": null,
                        "maxQuantity": null
                    },
                    "promotionType": "MixMatchPricePromotion",
                    "conditionLabel": "2 för",
                    "rewardLabel": "18 kr",
                    "textLabel": "Alltid bra pris!",
                    "redeemLimitLabel": "",
                    "cartLabel": null,
                    "validUntil": null,
                    "timesUsed": null,
                    "qualifyingCount": 2,
                    "comparePrice": "18,00 kr",
                    "splashTitleText": "Alltid bra pris",
                    "realMixAndMatch": true,
                    "mainProductCode": "101240187_ST",
                    "conditionLabelFormatted": "",
                    "promotionRedeemLimit": null,
                    "promotionPercentage": null,
                    "cartLabelFormatted": "",
                    "priority": 208,
                    "code": "10009465225"
                }
            ],
            "inactivePotentialPromotions": [],
            "priceValue": 9.95,
            "price": "9,95 kr",
            "image": {
                "imageType": "PRIMARY",
                "format": "product",
                "url": "https://assets.axfood.se/image/upload/f_auto,t_200/07611612150729_C1N1_s03",
                "altText": null,
                "galleryIndex": null,
                "width": null
            },
            "ranking": 20.911090254325,
            "depositPrice": "",
            "averageWeight": null,
            "comparePrice": "19,90 kr",
            "comparePriceUnit": "kg",
            "isDrugProduct": false,
            "solrSearchScore": 0.7614262700080872,
            "energyDeclaration": null,
            "newsSplashProduct": false,
            "notAllowedB2b": false,
            "notAllowedAnonymous": false,
            "productLine2": "MONTE CASTELLO, 500g",
            "pickupProductLine2": "MONTE CASTELLO, 500g",
            "priceUnit": "kr/st",
            "priceNoUnit": "9,95",
            "savingsAmount": 1.9,
            "googleAnalyticsCategory": "skafferi|kryddor-och-smaksattare|saser",
            "gdprTrackingIncompliant": false,
            "nicotineMedicalProduct": false,
            "tobaccoFreeNicotineProduct": false,
            "nonEkoProduct": false,
            "precautionaryStatements": [],
            "hazards": [],
            "tobaccoProduct": false,
            "showGoodPriceIcon": true,
            "labels": [],
            "seoDescription": "",
            "seoTitle": "",
            "manufacturer": "Monte Castello",
            "incrementValue": 1.0,
            "productBasketType": {
                "code": "ST",
                "type": "ProductBasketTypeEnum"
            },
            "bargainProduct": false,
            "addToCartMessage": "",
            "thumbnail": {
                "imageType": "PRIMARY",
                "format": "thumbnail",
                "url": "https://assets.axfood.se/image/upload/f_auto,t_100/07611612150729_C1N1_s03",
                "altText": null,
                "galleryIndex": null,
                "width": null
            },
            "outOfStock": false,
            "online": true,
            "displayVolume": "500g",
            "addToCartDisabled": false,
            "name": "Fusilli Pasta",
            "code": "101240187_ST"
        },
        {
            "potentialPromotions": [
                {
                    "threshold": null,
                    "applied": false,
                    "campaignType": "GENERAL",
                    "offerStatus": null,
                    "productCodes": [
                        "101353715_ST",
                        "101353716_ST",
                        "101353717_ST"
                    ],
                    "promotionTheme": {
                        "code": "Z019",
                        "visible": null
                    },
                    "textLabelGenerated": "Alltid bra pris!",
                    "textLabelManual": null,
                    "lowestHistoricalPrice": null,
                    "price": {
                        "currencyIso": "SEK",
                        "value": 87.5,
                        "priceType": "BUY",
                        "formattedValue": "87,50 kr",
                        "minQuantity": null,
                        "maxQuantity": null
                    },
                    "promotionType": "MixMatchPricePromotion",
                    "conditionLabel": "2 för",
                    "rewardLabel": "175 kr",
                    "textLabel": "Alltid bra pris!",
                    "redeemLimitLabel": "",
                    "cartLabel": null,
                    "validUntil": null,
                    "timesUsed": null,
                    "qualifyingCount": 2,
                    "comparePrice": "2,08 kr",
                    "splashTitleText": "Alltid bra pris",
                    "realMixAndMatch": true,
                    "mainProductCode": "101353715_ST",
                    "conditionLabelFormatted": "",
                    "promotionRedeemLimit": null,
                    "promotionPercentage": null,
                    "cartLabelFormatted": "",
                    "priority": 208,
                    "code": "10009465224"
                }
            ],
            "inactivePotentialPromotions": [],
            "priceValue": 92.0,
            "price": "92,00 kr",
            "image": {
                "imageType": "PRIMARY",
                "format": "product",
                "url": "https://assets.axfood.se/image/upload/f_auto,t_200/07340083492709_C1N1_s01",
                "altText": null,
                "galleryIndex": null,
                "width": null
            },
            "ranking": 20.9110902510482,
            "depositPrice": "",
            "averageWeight": null,
            "comparePrice": "2,19 kr",
            "comparePriceUnit": "st",
            "isDrugProduct": false,
            "solrSearchScore": 0.7614262700080872,
            "energyDeclaration": null,
            "newsSplashProduct": false,
            "notAllowedB2b": false,
            "notAllowedAnonymous": false,
            "productLine2": "MINSTINGEN, 42p",
            "pickupProductLine2": "MINSTINGEN, 42p",
            "priceUnit": "kr/st",
            "priceNoUnit": "92,00",
            "savingsAmount": 9.0,
            "googleAnalyticsCategory": "barn|blojor|blojor",
            "gdprTrackingIncompliant": false,
            "nicotineMedicalProduct": false,
            "tobaccoFreeNicotineProduct": false,
            "nonEkoProduct": false,
            "precautionaryStatements": [],
            "hazards": [],
            "tobaccoProduct": false,
            "showGoodPriceIcon": true,
            "labels": [
                "swan",
                "allergy_approved",
                "environmental_facet"
            ],
            "seoDescription": "",
            "seoTitle": "",
            "manufacturer": "Minstingen",
            "incrementValue": 1.0,
            "productBasketType": {
                "code": "ST",
                "type": "ProductBasketTypeEnum"
            },
            "bargainProduct": false,
            "addToCartMessage": "",
            "thumbnail": {
                "imageType": "PRIMARY",
                "format": "thumbnail",
                "url": "https://assets.axfood.se/image/upload/f_auto,t_100/07340083492709_C1N1_s01",
                "altText": null,
                "galleryIndex": null,
                "width": null
            },
            "outOfStock": false,
            "online": true,
            "displayVolume": "42p",
            "addToCartDisabled": false,
            "name": "Byxblöjor 4 8-14kg",
            "code": "101353715_ST"
        },
        {
            "potentialPromotions": [
                {
                    "threshold": null,
                    "applied": false,
                    "campaignType": "GENERAL",
                    "offerStatus": null,
                    "productCodes": [
                        "101278144_ST",
                        "101278145_ST",
                        "101308559_ST"
                    ],
                    "promotionTheme": {
                        "code": "Z019",
                        "visible": null
                    },
                    "textLabelGenerated": "Alltid bra pris!",
                    "textLabelManual": null,
                    "lowestHistoricalPrice": null,
                    "price": {
                        "currencyIso": "SEK",
                        "value": 10.0,
                        "priceType": "BUY",
                        "formattedValue": "10,00 kr",
                        "minQuantity": null,
                        "maxQuantity": null
                    },
                    "promotionType": "MixMatchPricePromotion",
                    "conditionLabel": "2 för",
                    "rewardLabel": "20 kr",
                    "textLabel": "Alltid bra pris!",
                    "redeemLimitLabel": "",
                    "cartLabel": null,
                    "validUntil": null,
                    "timesUsed": null,
                    "qualifyingCount": 2,
                    "comparePrice": "500,00 kr",
                    "splashTitleText": "Alltid bra pris",
                    "realMixAndMatch": true,
                    "mainProductCode": "101278144_ST",
                    "conditionLabelFormatted": "",
                    "promotionRedeemLimit": null,
                    "promotionPercentage": null,
                    "cartLabelFormatted": "",
                    "priority": 208,
                    "code": "10009465223"
                }
            ],
            "inactivePotentialPromotions": [],
            "priceValue": 10.95,
            "price": "10,95 kr",
            "image": {
                "imageType": "PRIMARY",
                "format": "product",
                "url": "https://assets.axfood.se/image/upload/f_auto,t_200/07340083465871_C1N1_s02",
                "altText": null,
                "galleryIndex": null,
                "width": null
            },
            "ranking": 20.9110902477714,
            "depositPrice": "",
            "averageWeight": null,
            "comparePrice": "547,50 kr",
            "comparePriceUnit": "kg",
            "isDrugProduct": false,
            "solrSearchScore": 0.7614262700080872,
            "energyDeclaration": null,
            "newsSplashProduct": false,
            "notAllowedB2b": false,
            "notAllowedAnonymous": false,
            "productLine2": "MINSTINGEN, 20g",
            "pickupProductLine2": "MINSTINGEN, 20g",
            "priceUnit": "kr/st",
            "priceNoUnit": "10,95",
            "savingsAmount": 1.9,
            "googleAnalyticsCategory": "barn|barnsnacks",
            "gdprTrackingIncompliant": false,
            "nicotineMedicalProduct": false,
            "tobaccoFreeNicotineProduct": false,
            "nonEkoProduct": false,
            "precautionaryStatements": [],
            "hazards": [],
            "tobaccoProduct": false,
            "showGoodPriceIcon": true,
            "labels": [
                "ecological",
                "eu_ecological"
            ],
            "seoDescription": "",
            "seoTitle": "",
            "manufacturer": "Minstingen",
            "incrementValue": 1.0,
            "productBasketType": {
                "code": "ST",
                "type": "ProductBasketTypeEnum"
            },
            "bargainProduct": false,
            "addToCartMessage": "",
            "thumbnail": {
                "imageType": "PRIMARY",
                "format": "thumbnail",
                "url": "https://assets.axfood.se/image/upload/f_auto,t_100/07340083465871_C1N1_s02",
                "altText": null,
                "galleryIndex": null,
                "width": null
            },
            "outOfStock": false,
            "online": true,
            "displayVolume": "20g",
            "addToCartDisabled": false,
            "name": "Majssnacks Banan Mango Från 10 Månader",
            "code": "101278144_ST"
        },
        {
            "potentialPromotions": [
                {
                    "threshold": null,
                    "applied": false,
                    "campaignType": "GENERAL",
                    "offerStatus": null,
                    "productCodes": [
                        "101578502_ST"
                    ],
                    "promotionTheme": {
                        "code": "Z019",
                        "visible": null
                    },
                    "textLabelGenerated": "Alltid bra pris!",
                    "textLabelManual": null,
                    "lowestHistoricalPrice": null,
                    "price": {
                        "currencyIso": "SEK",
                        "value": 15.0,
                        "priceType": "BUY",
                        "formattedValue": "15,00 kr",
                        "minQuantity": null,
                        "maxQuantity": null
                    },
                    "promotionType": "MixMatchPricePromotion",
                    "conditionLabel": "2 för",
                    "rewardLabel": "30 kr",
                    "textLabel": "Alltid bra pris!",
                    "redeemLimitLabel": "",
                    "cartLabel": null,
                    "validUntil": null,
                    "timesUsed": null,
                    "qualifyingCount": 2,
                    "comparePrice": "0,23 kr",
                    "splashTitleText": "Alltid bra pris",
                    "realMixAndMatch": true,
                    "mainProductCode": "101353358_ST",
                    "conditionLabelFormatted": "",
                    "promotionRedeemLimit": null,
                    "promotionPercentage": null,
                    "cartLabelFormatted": "",
                    "priority": 208,
                    "code": "10009465222"
                }
            ],
            "inactivePotentialPromotions": [],
            "priceValue": 16.95,
            "price": "16,95 kr",
            "image": {
                "imageType": "PRIMARY",
                "format": "product",
                "url": "https://assets.axfood.se/image/upload/f_auto,t_200/07311043010073_C1N1_s01",
                "altText": null,
                "galleryIndex": null,
                "width": null
            },
            "ranking": 20.9110902444946,
            "depositPrice": "",
            "averageWeight": null,
            "comparePrice": "0,26 kr",
            "comparePriceUnit": "st",
            "isDrugProduct": false,
            "solrSearchScore": 0.7614262700080872,
            "energyDeclaration": null,
            "newsSplashProduct": false,
            "notAllowedB2b": false,
            "notAllowedAnonymous": false,
            "productLine2": "MINSTINGEN, 64p",
            "pickupProductLine2": "MINSTINGEN, 64p",
            "priceUnit": "kr/st",
            "priceNoUnit": "16,95",
            "savingsAmount": 3.9,
            "googleAnalyticsCategory": "barn|blojor|barnvard",
            "gdprTrackingIncompliant": false,
            "nicotineMedicalProduct": false,
            "tobaccoFreeNicotineProduct": false,
            "nonEkoProduct": false,
            "precautionaryStatements": [],
            "hazards": [],
            "tobaccoProduct": false,
            "showGoodPriceIcon": true,
            "labels": [
                "swan",
                "allergy_approved",
                "environmental_facet"
            ],
            "seoDescription": "",
            "seoTitle": "",
            "manufacturer": "Minstingen",
            "incrementValue": 1.0,
            "productBasketType": {
                "code": "ST",
                "type": "ProductBasketTypeEnum"
            },
            "bargainProduct": false,
            "addToCartMessage": "",
            "thumbnail": {
                "imageType": "PRIMARY",
                "format": "thumbnail",
                "url": "https://assets.axfood.se/image/upload/f_auto,t_100/07311043010073_C1N1_s01",
                "altText": null,
                "galleryIndex": null,
                "width": null
            },
            "outOfStock": false,
            "online": true,
            "displayVolume": "64p",
            "addToCartDisabled": false,
            "name": "Våtservetter Baby",
            "code": "101578502_ST"
        },
        {
            "potentialPromotions": [
                {
                    "threshold": null,
                    "applied": false,
                    "campaignType": "GENERAL",
                    "offerStatus": null,
                    "productCodes": [
                        "101314330_ST",
                        "101314331_ST",
                        "101314332_ST"
                    ],
                    "promotionTheme": {
                        "code": "Z019",
                        "visible": null
                    },
                    "textLabelGenerated": "Alltid bra pris!",
                    "textLabelManual": null,
                    "lowestHistoricalPrice": null,
                    "price": {
                        "currencyIso": "SEK",
                        "value": 82.5,
                        "priceType": "BUY",
                        "formattedValue": "82,50 kr",
                        "minQuantity": null,
                        "maxQuantity": null
                    },
                    "promotionType": "MixMatchPricePromotion",
                    "conditionLabel": "2 för",
                    "rewardLabel": "165 kr",
                    "textLabel": "Alltid bra pris!",
                    "redeemLimitLabel": "",
                    "cartLabel": null,
                    "validUntil": null,
                    "timesUsed": null,
                    "qualifyingCount": 2,
                    "comparePrice": "1,65 kr",
                    "splashTitleText": "Alltid bra pris",
                    "realMixAndMatch": true,
                    "mainProductCode": "101314330_ST",
                    "conditionLabelFormatted": "",
                    "promotionRedeemLimit": null,
                    "promotionPercentage": null,
                    "cartLabelFormatted": "",
                    "priority": 208,
                    "code": "10009465221"
                }
            ],
            "inactivePotentialPromotions": [],
            "priceValue": 86.95,
            "price": "86,95 kr",
            "image": {
                "imageType": "PRIMARY",
                "format": "product",
                "url": "https://assets.axfood.se/image/upload/f_auto,t_200/07340083481826_C1N1_s04",
                "altText": null,
                "galleryIndex": null,
                "width": null
            },
            "ranking": 20.9110902412178,
            "depositPrice": "",
            "averageWeight": null,
            "comparePrice": "1,74 kr",
            "comparePriceUnit": "st",
            "isDrugProduct": false,
            "solrSearchScore": 0.7614262700080872,
            "energyDeclaration": null,
            "newsSplashProduct": false,
            "notAllowedB2b": false,
            "notAllowedAnonymous": false,
            "productLine2": "MINSTINGEN, 50p",
            "pickupProductLine2": "MINSTINGEN, 50p",
            "priceUnit": "kr/st",
            "priceNoUnit": "86,95",
            "savingsAmount": 8.9,
            "googleAnalyticsCategory": "barn|blojor|blojor",
            "gdprTrackingIncompliant": false,
            "nicotineMedicalProduct": false,
            "tobaccoFreeNicotineProduct": false,
            "nonEkoProduct": false,
            "precautionaryStatements": [],
            "hazards": [],
            "tobaccoProduct": false,
            "showGoodPriceIcon": true,
            "labels": [
                "swan",
                "allergy_approved",
                "environmental_facet"
            ],
            "seoDescription": "",
            "seoTitle": "",
            "manufacturer": "Minstingen",
            "incrementValue": 1.0,
            "productBasketType": {
                "code": "ST",
                "type": "ProductBasketTypeEnum"
            },
            "bargainProduct": false,
            "addToCartMessage": "",
            "thumbnail": {
                "imageType": "PRIMARY",
                "format": "thumbnail",
                "url": "https://assets.axfood.se/image/upload/f_auto,t_100/07340083481826_C1N1_s04",
                "altText": null,
                "galleryIndex": null,
                "width": null
            },
            "outOfStock": false,
            "online": true,
            "displayVolume": "50p",
            "addToCartDisabled": false,
            "name": "Blöjor 4 7-16kg Tejpblöjor",
            "code": "101314330_ST"
        },
        {
            "potentialPromotions": [
                {
                    "threshold": null,
                    "applied": false,
                    "campaignType": "GENERAL",
                    "offerStatus": null,
                    "productCodes": [
                        "101594877_ST"
                    ],
                    "promotionTheme": {
                        "code": "Z019",
                        "visible": null
                    },
                    "textLabelGenerated": "Alltid bra pris!",
                    "textLabelManual": null,
                    "lowestHistoricalPrice": null,
                    "price": {
                        "currencyIso": "SEK",
                        "value": 14.0,
                        "priceType": "BUY",
                        "formattedValue": "14,00 kr",
                        "minQuantity": null,
                        "maxQuantity": null
                    },
                    "promotionType": "MixMatchPricePromotion",
                    "conditionLabel": "2 för",
                    "rewardLabel": "28 kr",
                    "textLabel": "Alltid bra pris!",
                    "redeemLimitLabel": "",
                    "cartLabel": null,
                    "validUntil": null,
                    "timesUsed": null,
                    "qualifyingCount": 2,
                    "comparePrice": "0,28 kr",
                    "splashTitleText": "Alltid bra pris",
                    "realMixAndMatch": true,
                    "mainProductCode": "101474624_ST",
                    "conditionLabelFormatted": "",
                    "promotionRedeemLimit": null,
                    "promotionPercentage": null,
                    "cartLabelFormatted": "",
                    "priority": 208,
                    "code": "10009465220"
                }
            ],
            "inactivePotentialPromotions": [],
            "priceValue": 15.95,
            "price": "15,95 kr",
            "image": {
                "imageType": "PRIMARY",
                "format": "product",
                "url": "https://assets.axfood.se/image/upload/f_auto,t_200/07311043011834_C1N1_s01",
                "altText": null,
                "galleryIndex": null,
                "width": null
            },
            "ranking": 20.911090237941,
            "depositPrice": "",
            "averageWeight": null,
            "comparePrice": "0,32 kr",
            "comparePriceUnit": "st",
            "isDrugProduct": false,
            "solrSearchScore": 0.7614262700080872,
            "energyDeclaration": null,
            "newsSplashProduct": false,
            "notAllowedB2b": false,
            "notAllowedAnonymous": false,
            "productLine2": "MINSTINGEN, 50p",
            "pickupProductLine2": "MINSTINGEN, 50p",
            "priceUnit": "kr/st",
            "priceNoUnit": "15,95",
            "savingsAmount": 3.9,
            "googleAnalyticsCategory": "barn|blojor|barnvard",
            "gdprTrackingIncompliant": false,
            "nicotineMedicalProduct": false,
            "tobaccoFreeNicotineProduct": false,
            "nonEkoProduct": false,
            "precautionaryStatements": [],
            "hazards": [],
            "tobaccoProduct": false,
            "showGoodPriceIcon": true,
            "labels": [],
            "seoDescription": "",
            "seoTitle": "",
            "manufacturer": "Minstingen",
            "incrementValue": 1.0,
            "productBasketType": {
                "code": "ST",
                "type": "ProductBasketTypeEnum"
            },
            "bargainProduct": false,
            "addToCartMessage": "",
            "thumbnail": {
                "imageType": "PRIMARY",
                "format": "thumbnail",
                "url": "https://assets.axfood.se/image/upload/f_auto,t_100/07311043011834_C1N1_s01",
                "altText": null,
                "galleryIndex": null,
                "width": null
            },
            "outOfStock": false,
            "online": true,
            "displayVolume": "50p",
            "addToCartDisabled": false,
            "name": "Blöjpåse",
            "code": "101594877_ST"
        },
        {
            "potentialPromotions": [
                {
                    "threshold": null,
                    "applied": false,
                    "campaignType": "GENERAL",
                    "offerStatus": null,
                    "productCodes": [
                        "101353772_ST",
                        "101353773_ST",
                        "101662426_ST",
                        "101662427_ST"
                    ],
                    "promotionTheme": {
                        "code": "Z019",
                        "visible": null
                    },
                    "textLabelGenerated": "Alltid bra pris!",
                    "textLabelManual": null,
                    "lowestHistoricalPrice": null,
                    "price": {
                        "currencyIso": "SEK",
                        "value": 19.0,
                        "priceType": "BUY",
                        "formattedValue": "19,00 kr",
                        "minQuantity": null,
                        "maxQuantity": null
                    },
                    "promotionType": "MixMatchPricePromotion",
                    "conditionLabel": "2 för",
                    "rewardLabel": "38 kr",
                    "textLabel": "Alltid bra pris!",
                    "redeemLimitLabel": "",
                    "cartLabel": null,
                    "validUntil": null,
                    "timesUsed": null,
                    "qualifyingCount": 2,
                    "comparePrice": "0,48 kr",
                    "splashTitleText": "Alltid bra pris",
                    "realMixAndMatch": true,
                    "mainProductCode": "101353772_ST",
                    "conditionLabelFormatted": "",
                    "promotionRedeemLimit": null,
                    "promotionPercentage": null,
                    "cartLabelFormatted": "",
                    "priority": 208,
                    "code": "10009465219"
                }
            ],
            "inactivePotentialPromotions": [],
            "priceValue": 21.95,
            "price": "21,95 kr",
            "image": {
                "imageType": "PRIMARY",
                "format": "product",
                "url": "https://assets.axfood.se/image/upload/f_auto,t_200/07340083492785_C1L1_s01",
                "altText": null,
                "galleryIndex": null,
                "width": null
            },
            "ranking": 20.9110902346642,
            "depositPrice": "",
            "averageWeight": null,
            "comparePrice": "0,55 kr",
            "comparePriceUnit": "st",
            "isDrugProduct": false,
            "solrSearchScore": 0.7614262700080872,
            "energyDeclaration": null,
            "newsSplashProduct": false,
            "notAllowedB2b": false,
            "notAllowedAnonymous": false,
            "productLine2": "MEVOLUTION, 40p",
            "pickupProductLine2": "MEVOLUTION, 40p",
            "priceUnit": "kr/st",
            "priceNoUnit": "21,95",
            "savingsAmount": 5.9,
            "googleAnalyticsCategory": "apotek-och-lakemedel|plaster|plaster-och-sarvard",
            "gdprTrackingIncompliant": false,
            "nicotineMedicalProduct": false,
            "tobaccoFreeNicotineProduct": false,
            "nonEkoProduct": false,
            "precautionaryStatements": [],
            "hazards": [],
            "tobaccoProduct": false,
            "showGoodPriceIcon": true,
            "labels": [],
            "seoDescription": "",
            "seoTitle": "",
            "manufacturer": "Mevolution",
            "incrementValue": 1.0,
            "productBasketType": {
                "code": "ST",
                "type": "ProductBasketTypeEnum"
            },
            "bargainProduct": false,
            "addToCartMessage": "",
            "thumbnail": {
                "imageType": "PRIMARY",
                "format": "thumbnail",
                "url": "https://assets.axfood.se/image/upload/f_auto,t_100/07340083492785_C1L1_s01",
                "altText": null,
                "galleryIndex": null,
                "width": null
            },
            "outOfStock": false,
            "online": true,
            "displayVolume": "40p",
            "addToCartDisabled": false,
            "name": "Whoops Aqua Resist Plasters Plåster",
            "code": "101353772_ST"
        },
        {
            "potentialPromotions": [
                {
                    "threshold": null,
                    "applied": false,
                    "campaignType": "GENERAL",
                    "offerStatus": null,
                    "productCodes": [
                        "101339860_ST"
                    ],
                    "promotionTheme": {
                        "code": "Z019",
                        "visible": null
                    },
                    "textLabelGenerated": "Alltid bra pris!",
                    "textLabelManual": null,
                    "lowestHistoricalPrice": null,
                    "price": {
                        "currencyIso": "SEK",
                        "value": 19.5,
                        "priceType": "BUY",
                        "formattedValue": "19,50 kr",
                        "minQuantity": null,
                        "maxQuantity": null
                    },
                    "promotionType": "MixMatchPricePromotion",
                    "conditionLabel": "2 för",
                    "rewardLabel": "39 kr",
                    "textLabel": "Alltid bra pris!",
                    "redeemLimitLabel": "",
                    "cartLabel": null,
                    "validUntil": null,
                    "timesUsed": null,
                    "qualifyingCount": 2,
                    "comparePrice": "0,49 kr",
                    "splashTitleText": "Alltid bra pris",
                    "realMixAndMatch": false,
                    "mainProductCode": "101339860_ST",
                    "conditionLabelFormatted": "",
                    "promotionRedeemLimit": null,
                    "promotionPercentage": null,
                    "cartLabelFormatted": "",
                    "priority": 208,
                    "code": "10009465216"
                }
            ],
            "inactivePotentialPromotions": [],
            "priceValue": 23.95,
            "price": "23,95 kr",
            "image": {
                "imageType": "PRIMARY",
                "format": "product",
                "url": "https://assets.axfood.se/image/upload/f_auto,t_200/07340083489051_C1N1_s01",
                "altText": null,
                "galleryIndex": null,
                "width": null
            },
            "ranking": 20.9110902313874,
            "depositPrice": "",
            "averageWeight": null,
            "comparePrice": "0,60 kr",
            "comparePriceUnit": "st",
            "isDrugProduct": false,
            "solrSearchScore": 0.7614262700080872,
            "energyDeclaration": null,
            "newsSplashProduct": false,
            "notAllowedB2b": false,
            "notAllowedAnonymous": false,
            "productLine2": "MEVOLUTION, 40p",
            "pickupProductLine2": "MEVOLUTION, 40p",
            "priceUnit": "kr/st",
            "priceNoUnit": "23,95",
            "savingsAmount": 8.9,
            "googleAnalyticsCategory": "halsa-och-skonhet|munvard|ovrig-munvard",
            "gdprTrackingIncompliant": false,
            "nicotineMedicalProduct": false,
            "tobaccoFreeNicotineProduct": false,
            "nonEkoProduct": false,
            "precautionaryStatements": [],
            "hazards": [],
            "tobaccoProduct": false,
            "showGoodPriceIcon": true,
            "labels": [],
            "seoDescription": "",
            "seoTitle": "",
            "manufacturer": "Mevolution",
            "incrementValue": 1.0,
            "productBasketType": {
                "code": "ST",
                "type": "ProductBasketTypeEnum"
            },
            "bargainProduct": false,
            "addToCartMessage": "",
            "thumbnail": {
                "imageType": "PRIMARY",
                "format": "thumbnail",
                "url": "https://assets.axfood.se/image/upload/f_auto,t_100/07340083489051_C1N1_s01",
                "altText": null,
                "galleryIndex": null,
                "width": null
            },
            "outOfStock": false,
            "online": true,
            "displayVolume": "40p",
            "addToCartDisabled": false,
            "name": "Easy- Reach Flosser Original Tandtrådsbygel",
            "code": "101339860_ST"
        },
        {
            "potentialPromotions": [
                {
                    "threshold": null,
                    "applied": false,
                    "campaignType": "GENERAL",
                    "offerStatus": null,
                    "productCodes": [
                        "101578493_ST"
                    ],
                    "promotionTheme": {
                        "code": "Z019",
                        "visible": null
                    },
                    "textLabelGenerated": "Alltid bra pris!",
                    "textLabelManual": null,
                    "lowestHistoricalPrice": null,
                    "price": {
                        "currencyIso": "SEK",
                        "value": 19.5,
                        "priceType": "BUY",
                        "formattedValue": "19,50 kr",
                        "minQuantity": null,
                        "maxQuantity": null
                    },
                    "promotionType": "MixMatchPricePromotion",
                    "conditionLabel": "2 för",
                    "rewardLabel": "39 kr",
                    "textLabel": "Alltid bra pris!",
                    "redeemLimitLabel": "",
                    "cartLabel": null,
                    "validUntil": null,
                    "timesUsed": null,
                    "qualifyingCount": 2,
                    "comparePrice": "0,65 kr",
                    "splashTitleText": "Alltid bra pris",
                    "realMixAndMatch": true,
                    "mainProductCode": "101355972_ST",
                    "conditionLabelFormatted": "",
                    "promotionRedeemLimit": null,
                    "promotionPercentage": null,
                    "cartLabelFormatted": "",
                    "priority": 208,
                    "code": "10009465215"
                }
            ],
            "inactivePotentialPromotions": [],
            "priceValue": 21.95,
            "price": "21,95 kr",
            "image": {
                "imageType": "PRIMARY",
                "format": "product",
                "url": "https://assets.axfood.se/image/upload/f_auto,t_200/07311043010103_C1N1_s01",
                "altText": null,
                "galleryIndex": null,
                "width": null
            },
            "ranking": 20.9110902281106,
            "depositPrice": "",
            "averageWeight": null,
            "comparePrice": "0,73 kr",
            "comparePriceUnit": "st",
            "isDrugProduct": false,
            "solrSearchScore": 0.7614262700080872,
            "energyDeclaration": null,
            "newsSplashProduct": false,
            "notAllowedB2b": false,
            "notAllowedAnonymous": false,
            "productLine2": "MEVOLUTION, 30p",
            "pickupProductLine2": "MEVOLUTION, 30p",
            "priceUnit": "kr/st",
            "priceNoUnit": "21,95",
            "savingsAmount": 4.9,
            "googleAnalyticsCategory": "halsa-och-skonhet|kroppsvard|nasdukar-och-bomull",
            "gdprTrackingIncompliant": false,
            "nicotineMedicalProduct": false,
            "tobaccoFreeNicotineProduct": false,
            "nonEkoProduct": false,
            "precautionaryStatements": [],
            "hazards": [],
            "tobaccoProduct": false,
            "showGoodPriceIcon": true,
            "labels": [
                "swan",
                "environmental_facet"
            ],
            "seoDescription": "",
            "seoTitle": "",
            "manufacturer": "Mevolution",
            "incrementValue": 1.0,
            "productBasketType": {
                "code": "ST",
                "type": "ProductBasketTypeEnum"
            },
            "bargainProduct": false,
            "addToCartMessage": "",
            "thumbnail": {
                "imageType": "PRIMARY",
                "format": "thumbnail",
                "url": "https://assets.axfood.se/image/upload/f_auto,t_100/07311043010103_C1N1_s01",
                "altText": null,
                "galleryIndex": null,
                "width": null
            },
            "outOfStock": false,
            "online": true,
            "displayVolume": "30p",
            "addToCartDisabled": false,
            "name": "So Fresh So Clean Wet Wips Våtservetter",
            "code": "101578493_ST"
        },
        {
            "potentialPromotions": [
                {
                    "threshold": null,
                    "applied": false,
                    "campaignType": "GENERAL",
                    "offerStatus": null,
                    "productCodes": [
                        "101339951_ST",
                        "101540394_ST"
                    ],
                    "promotionTheme": {
                        "code": "Z019",
                        "visible": null
                    },
                    "textLabelGenerated": "Alltid bra pris!",
                    "textLabelManual": null,
                    "lowestHistoricalPrice": null,
                    "price": {
                        "currencyIso": "SEK",
                        "value": 14.0,
                        "priceType": "BUY",
                        "formattedValue": "14,00 kr",
                        "minQuantity": null,
                        "maxQuantity": null
                    },
                    "promotionType": "MixMatchPricePromotion",
                    "conditionLabel": "2 för",
                    "rewardLabel": "28 kr",
                    "textLabel": "Alltid bra pris!",
                    "redeemLimitLabel": "",
                    "cartLabel": null,
                    "validUntil": null,
                    "timesUsed": null,
                    "qualifyingCount": 2,
                    "comparePrice": "0,07 kr",
                    "splashTitleText": "Alltid bra pris",
                    "realMixAndMatch": true,
                    "mainProductCode": "101339950_ST",
                    "conditionLabelFormatted": "",
                    "promotionRedeemLimit": null,
                    "promotionPercentage": null,
                    "cartLabelFormatted": "",
                    "priority": 208,
                    "code": "10009465214"
                }
            ],
            "inactivePotentialPromotions": [],
            "priceValue": 16.95,
            "price": "16,95 kr",
            "image": {
                "imageType": "PRIMARY",
                "format": "product",
                "url": "https://assets.axfood.se/image/upload/f_auto,t_200/07340083489235_C1L1_s02",
                "altText": null,
                "galleryIndex": null,
                "width": null
            },
            "ranking": 20.9110902248338,
            "depositPrice": "",
            "averageWeight": null,
            "comparePrice": "0,08 kr",
            "comparePriceUnit": "st",
            "isDrugProduct": false,
            "solrSearchScore": 0.7614262700080872,
            "energyDeclaration": null,
            "newsSplashProduct": false,
            "notAllowedB2b": false,
            "notAllowedAnonymous": false,
            "productLine2": "MEVOLUTION, 200p",
            "pickupProductLine2": "MEVOLUTION, 200p",
            "priceUnit": "kr/st",
            "priceNoUnit": "16,95",
            "savingsAmount": 5.9,
            "googleAnalyticsCategory": "halsa-och-skonhet|kroppsvard|nasdukar-och-bomull",
            "gdprTrackingIncompliant": false,
            "nicotineMedicalProduct": false,
            "tobaccoFreeNicotineProduct": false,
            "nonEkoProduct": false,
            "precautionaryStatements": [],
            "hazards": [],
            "tobaccoProduct": false,
            "showGoodPriceIcon": true,
            "labels": [
                "swan",
                "environmental_facet"
            ],
            "seoDescription": "",
            "seoTitle": "",
            "manufacturer": "Mevolution",
            "incrementValue": 1.0,
            "productBasketType": {
                "code": "ST",
                "type": "ProductBasketTypeEnum"
            },
            "bargainProduct": false,
            "addToCartMessage": "",
            "thumbnail": {
                "imageType": "PRIMARY",
                "format": "thumbnail",
                "url": "https://assets.axfood.se/image/upload/f_auto,t_100/07340083489235_C1L1_s02",
                "altText": null,
                "galleryIndex": null,
                "width": null
            },
            "outOfStock": false,
            "online": true,
            "displayVolume": "200p",
            "addToCartDisabled": false,
            "name": "Bomullspinnar Cotton Sticks",
            "code": "101339951_ST"
        },
        {
            "potentialPromotions": [
                {
                    "threshold": null,
                    "applied": false,
                    "campaignType": "GENERAL",
                    "offerStatus": null,
                    "productCodes": [
                        "101578495_ST"
                    ],
                    "promotionTheme": {
                        "code": "Z019",
                        "visible": null
                    },
                    "textLabelGenerated": "Alltid bra pris!",
                    "textLabelManual": null,
                    "lowestHistoricalPrice": null,
                    "price": {
                        "currencyIso": "SEK",
                        "value": 12.5,
                        "priceType": "BUY",
                        "formattedValue": "12,50 kr",
                        "minQuantity": null,
                        "maxQuantity": null
                    },
                    "promotionType": "MixMatchPricePromotion",
                    "conditionLabel": "2 för",
                    "rewardLabel": "25 kr",
                    "textLabel": "Alltid bra pris!",
                    "redeemLimitLabel": "",
                    "cartLabel": null,
                    "validUntil": null,
                    "timesUsed": null,
                    "qualifyingCount": 2,
                    "comparePrice": "0,63 kr",
                    "splashTitleText": "Alltid bra pris",
                    "realMixAndMatch": true,
                    "mainProductCode": "101362354_ST",
                    "conditionLabelFormatted": "",
                    "promotionRedeemLimit": null,
                    "promotionPercentage": null,
                    "cartLabelFormatted": "",
                    "priority": 208,
                    "code": "10009465213"
                }
            ],
            "inactivePotentialPromotions": [],
            "priceValue": 14.95,
            "price": "14,95 kr",
            "image": {
                "imageType": "PRIMARY",
                "format": "product",
                "url": "https://assets.axfood.se/image/upload/f_auto,t_200/07311043010127_C1N1_s01",
                "altText": null,
                "galleryIndex": null,
                "width": null
            },
            "ranking": 20.911090221557,
            "depositPrice": "",
            "averageWeight": null,
            "comparePrice": "0,75 kr",
            "comparePriceUnit": "st",
            "isDrugProduct": false,
            "solrSearchScore": 0.7614262700080872,
            "energyDeclaration": null,
            "newsSplashProduct": false,
            "notAllowedB2b": false,
            "notAllowedAnonymous": false,
            "productLine2": "MEVOLUTION, 20p",
            "pickupProductLine2": "MEVOLUTION, 20p",
            "priceUnit": "kr/st",
            "priceNoUnit": "14,95",
            "savingsAmount": 4.9,
            "googleAnalyticsCategory": "",
            "gdprTrackingIncompliant": false,
            "nicotineMedicalProduct": false,
            "tobaccoFreeNicotineProduct": false,
            "nonEkoProduct": false,
            "precautionaryStatements": [],
            "hazards": [],
            "tobaccoProduct": false,
            "showGoodPriceIcon": true,
            "labels": [
                "swan",
                "environmental_facet"
            ],
            "seoDescription": "",
            "seoTitle": "",
            "manufacturer": "Mevolution",
            "incrementValue": 1.0,
            "productBasketType": {
                "code": "ST",
                "type": "ProductBasketTypeEnum"
            },
            "bargainProduct": false,
            "addToCartMessage": "",
            "thumbnail": {
                "imageType": "PRIMARY",
                "format": "thumbnail",
                "url": "https://assets.axfood.se/image/upload/f_auto,t_100/07311043010127_C1N1_s01",
                "altText": null,
                "galleryIndex": null,
                "width": null
            },
            "outOfStock": false,
            "online": true,
            "displayVolume": "20p",
            "addToCartDisabled": false,
            "name": "My Intimate Wipes Intimservetter",
            "code": "101578495_ST"
        },
        {
            "potentialPromotions": [
                {
                    "threshold": null,
                    "applied": false,
                    "campaignType": "GENERAL",
                    "offerStatus": null,
                    "productCodes": [
                        "101197310_ST",
                        "101265665_ST",
                        "101278911_ST",
                        "101595525_ST",
                        "101708280_ST",
                        "101708281_ST",
                        "101708282_ST",
                        "101256556_ST",
                        "101347457_ST"
                    ],
                    "promotionTheme": {
                        "code": "Z019",
                        "visible": null
                    },
                    "textLabelGenerated": "Alltid bra pris!",
                    "textLabelManual": null,
                    "lowestHistoricalPrice": null,
                    "price": {
                        "currencyIso": "SEK",
                        "value": 11.666666666666666,
                        "priceType": "BUY",
                        "formattedValue": "11,67 kr",
                        "minQuantity": null,
                        "maxQuantity": null
                    },
                    "promotionType": "MixMatchPricePromotion",
                    "conditionLabel": "3 för",
                    "rewardLabel": "35 kr",
                    "textLabel": "Alltid bra pris!",
                    "redeemLimitLabel": "",
                    "cartLabel": null,
                    "validUntil": null,
                    "timesUsed": null,
                    "qualifyingCount": 3,
                    "comparePrice": "35,35 kr",
                    "splashTitleText": "Alltid bra pris",
                    "realMixAndMatch": true,
                    "mainProductCode": "101196710_ST",
                    "conditionLabelFormatted": "",
                    "promotionRedeemLimit": null,
                    "promotionPercentage": null,
                    "cartLabelFormatted": "",
                    "priority": 208,
                    "code": "10009465212"
                }
            ],
            "inactivePotentialPromotions": [],
            "priceValue": 12.95,
            "price": "12,95 kr",
            "image": {
                "imageType": "PRIMARY",
                "format": "product",
                "url": "https://assets.axfood.se/image/upload/f_auto,t_200/07310401009551_C1N1_s02",
                "altText": null,
                "galleryIndex": null,
                "width": null
            },
            "ranking": 20.9110902182802,
            "depositPrice": "",
            "averageWeight": null,
            "comparePrice": "39,24 kr",
            "comparePriceUnit": "l",
            "isDrugProduct": false,
            "solrSearchScore": 0.7614262700080872,
            "energyDeclaration": null,
            "newsSplashProduct": false,
            "notAllowedB2b": false,
            "notAllowedAnonymous": false,
            "productLine2": "MARIESTADS, 33cl",
            "pickupProductLine2": "MARIESTADS, 33cl",
            "priceUnit": "kr/st",
            "priceNoUnit": "12,95",
            "savingsAmount": 3.850000000000002,
            "googleAnalyticsCategory": "dryck|ol-cider-och-vin|alkoholfri-ol-och-lattol",
            "gdprTrackingIncompliant": true,
            "nicotineMedicalProduct": false,
            "tobaccoFreeNicotineProduct": false,
            "nonEkoProduct": false,
            "precautionaryStatements": [],
            "hazards": [],
            "tobaccoProduct": false,
            "showGoodPriceIcon": true,
            "labels": [],
            "seoDescription": "",
            "seoTitle": "",
            "manufacturer": "Mariestads",
            "incrementValue": 1.0,
            "productBasketType": {
                "code": "ST",
                "type": "ProductBasketTypeEnum"
            },
            "bargainProduct": false,
            "addToCartMessage": "",
            "thumbnail": {
                "imageType": "PRIMARY",
                "format": "thumbnail",
                "url": "https://assets.axfood.se/image/upload/f_auto,t_100/07310401009551_C1N1_s02",
                "altText": null,
                "galleryIndex": null,
                "width": null
            },
            "outOfStock": false,
            "online": true,
            "displayVolume": "33cl",
            "addToCartDisabled": false,
            "name": "Mariestads Alkoholfri 0,5% Glas",
            "code": "101197310_ST"
        },
        {
            "potentialPromotions": [
                {
                    "threshold": null,
                    "applied": false,
                    "campaignType": "GENERAL",
                    "offerStatus": null,
                    "productCodes": [
                        "101282044_ST",
                        "101282060_ST",
                        "101282061_ST",
                        "101282604_ST",
                        "101295946_ST",
                        "101295963_ST",
                        "101295965_ST",
                        "101307610_ST",
                        "101332202_ST",
                        "101545911_ST",
                        "101676851_ST",
                        "101676852_ST",
                        "101676853_ST"
                    ],
                    "promotionTheme": {
                        "code": "Z019",
                        "visible": null
                    },
                    "textLabelGenerated": "Alltid bra pris!",
                    "textLabelManual": null,
                    "lowestHistoricalPrice": null,
                    "price": {
                        "currencyIso": "SEK",
                        "value": 36.333333333333336,
                        "priceType": "BUY",
                        "formattedValue": "36,33 kr",
                        "minQuantity": null,
                        "maxQuantity": null
                    },
                    "promotionType": "MixMatchPricePromotion",
                    "conditionLabel": "3 för",
                    "rewardLabel": "109 kr",
                    "textLabel": "Alltid bra pris!",
                    "redeemLimitLabel": "",
                    "cartLabel": null,
                    "validUntil": null,
                    "timesUsed": null,
                    "qualifyingCount": 3,
                    "comparePrice": "3,63 kr",
                    "splashTitleText": "Alltid bra pris",
                    "realMixAndMatch": true,
                    "mainProductCode": "101282044_ST",
                    "conditionLabelFormatted": "",
                    "promotionRedeemLimit": null,
                    "promotionPercentage": null,
                    "cartLabelFormatted": "",
                    "priority": 208,
                    "code": "10009465211"
                }
            ],
            "inactivePotentialPromotions": [],
            "priceValue": 45.95,
            "price": "45,95 kr",
            "image": {
                "imageType": "PRIMARY",
                "format": "product",
                "url": "https://assets.axfood.se/image/upload/f_auto,t_200/08711000360521_C1N1_s02",
                "altText": null,
                "galleryIndex": null,
                "width": null
            },
            "ranking": 20.9110902150034,
            "depositPrice": "",
            "averageWeight": null,
            "comparePrice": "4,60 kr",
            "comparePriceUnit": "st",
            "isDrugProduct": false,
            "solrSearchScore": 0.7614262700080872,
            "energyDeclaration": null,
            "newsSplashProduct": false,
            "notAllowedB2b": false,
            "notAllowedAnonymous": false,
            "productLine2": "L'OR, 10p",
            "pickupProductLine2": "L'OR, 10p",
            "priceUnit": "kr/st",
            "priceNoUnit": "45,95",
            "savingsAmount": 28.84999999999999,
            "googleAnalyticsCategory": "skafferi|kaffe|kapslar",
            "gdprTrackingIncompliant": false,
            "nicotineMedicalProduct": false,
            "tobaccoFreeNicotineProduct": false,
            "nonEkoProduct": false,
            "precautionaryStatements": [],
            "hazards": [],
            "tobaccoProduct": false,
            "showGoodPriceIcon": true,
            "labels": [],
            "seoDescription": "",
            "seoTitle": "",
            "manufacturer": "L'or",
            "incrementValue": 1.0,
            "productBasketType": {
                "code": "ST",
                "type": "ProductBasketTypeEnum"
            },
            "bargainProduct": false,
            "addToCartMessage": "",
            "thumbnail": {
                "imageType": "PRIMARY",
                "format": "thumbnail",
                "url": "https://assets.axfood.se/image/upload/f_auto,t_100/08711000360521_C1N1_s02",
                "altText": null,
                "galleryIndex": null,
                "width": null
            },
            "outOfStock": false,
            "online": true,
            "displayVolume": "10p",
            "addToCartDisabled": false,
            "name": "Supremo 10 Kaffekapslar",
            "code": "101282044_ST"
        },
        {
            "potentialPromotions": [
                {
                    "threshold": null,
                    "applied": false,
                    "campaignType": "GENERAL",
                    "offerStatus": null,
                    "productCodes": [
                        "101345470_ST",
                        "101345471_ST",
                        "101345472_ST",
                        "101345473_ST",
                        "101357187_ST",
                        "101357190_ST",
                        "101544720_ST"
                    ],
                    "promotionTheme": {
                        "code": "Z019",
                        "visible": null
                    },
                    "textLabelGenerated": "Alltid bra pris!",
                    "textLabelManual": null,
                    "lowestHistoricalPrice": null,
                    "price": {
                        "currencyIso": "SEK",
                        "value": 37.5,
                        "priceType": "BUY",
                        "formattedValue": "37,50 kr",
                        "minQuantity": null,
                        "maxQuantity": null
                    },
                    "promotionType": "MixMatchPricePromotion",
                    "conditionLabel": "2 för",
                    "rewardLabel": "75 kr",
                    "textLabel": "Alltid bra pris!",
                    "redeemLimitLabel": "",
                    "cartLabel": null,
                    "validUntil": null,
                    "timesUsed": null,
                    "qualifyingCount": 2,
                    "comparePrice": "3,75 kr",
                    "splashTitleText": "Alltid bra pris",
                    "realMixAndMatch": true,
                    "mainProductCode": "101345470_ST",
                    "conditionLabelFormatted": "",
                    "promotionRedeemLimit": null,
                    "promotionPercentage": null,
                    "cartLabelFormatted": "",
                    "priority": 208,
                    "code": "10009465210"
                }
            ],
            "inactivePotentialPromotions": [],
            "priceValue": 45.95,
            "price": "45,95 kr",
            "image": {
                "imageType": "PRIMARY",
                "format": "product",
                "url": "https://assets.axfood.se/image/upload/f_auto,t_200/08000070053465_C1C1_s03",
                "altText": null,
                "galleryIndex": null,
                "width": null
            },
            "ranking": 20.9110902117266,
            "depositPrice": "",
            "averageWeight": null,
            "comparePrice": "4,60 kr",
            "comparePriceUnit": "st",
            "isDrugProduct": false,
            "solrSearchScore": 0.7614262700080872,
            "energyDeclaration": null,
            "newsSplashProduct": false,
            "notAllowedB2b": false,
            "notAllowedAnonymous": false,
            "productLine2": "LAVAZZA, 10p",
            "pickupProductLine2": "LAVAZZA, 10p",
            "priceUnit": "kr/st",
            "priceNoUnit": "45,95",
            "savingsAmount": 16.9,
            "googleAnalyticsCategory": "skafferi|kaffe|kapslar",
            "gdprTrackingIncompliant": false,
            "nicotineMedicalProduct": false,
            "tobaccoFreeNicotineProduct": false,
            "nonEkoProduct": false,
            "precautionaryStatements": [],
            "hazards": [],
            "tobaccoProduct": false,
            "showGoodPriceIcon": true,
            "labels": [],
            "seoDescription": "",
            "seoTitle": "",
            "manufacturer": "Lavazza",
            "incrementValue": 1.0,
            "productBasketType": {
                "code": "ST",
                "type": "ProductBasketTypeEnum"
            },
            "bargainProduct": false,
            "addToCartMessage": "",
            "thumbnail": {
                "imageType": "PRIMARY",
                "format": "thumbnail",
                "url": "https://assets.axfood.se/image/upload/f_auto,t_100/08000070053465_C1C1_s03",
                "altText": null,
                "galleryIndex": null,
                "width": null
            },
            "outOfStock": false,
            "online": true,
            "displayVolume": "10p",
            "addToCartDisabled": false,
            "name": "Qualità Oro Kaffekapslar",
            "code": "101345470_ST"
        },
        {
            "potentialPromotions": [
                {
                    "threshold": null,
                    "applied": false,
                    "campaignType": "GENERAL",
                    "offerStatus": null,
                    "productCodes": [
                        "100451967_ST",
                        "101070957_ST",
                        "101192258_ST",
                        "101205497_ST",
                        "101307300_ST",
                        "101408571_ST"
                    ],
                    "promotionTheme": {
                        "code": "Z019",
                        "visible": null
                    },
                    "textLabelGenerated": "Alltid bra pris!",
                    "textLabelManual": null,
                    "lowestHistoricalPrice": null,
                    "price": {
                        "currencyIso": "SEK",
                        "value": 20.0,
                        "priceType": "BUY",
                        "formattedValue": "20,00 kr",
                        "minQuantity": null,
                        "maxQuantity": null
                    },
                    "promotionType": "MixMatchPricePromotion",
                    "conditionLabel": "2 för",
                    "rewardLabel": "40 kr",
                    "textLabel": "Alltid bra pris!",
                    "redeemLimitLabel": "",
                    "cartLabel": null,
                    "validUntil": null,
                    "timesUsed": null,
                    "qualifyingCount": 2,
                    "comparePrice": "86,96 kr",
                    "splashTitleText": "Alltid bra pris",
                    "realMixAndMatch": true,
                    "mainProductCode": "100451967_ST",
                    "conditionLabelFormatted": "",
                    "promotionRedeemLimit": null,
                    "promotionPercentage": null,
                    "cartLabelFormatted": "",
                    "priority": 208,
                    "code": "10009465209"
                }
            ],
            "inactivePotentialPromotions": [],
            "priceValue": 23.95,
            "price": "23,95 kr",
            "image": {
                "imageType": "PRIMARY",
                "format": "product",
                "url": "https://assets.axfood.se/image/upload/f_auto,t_200/07311440052157_C1N1_s01",
                "altText": null,
                "galleryIndex": null,
                "width": null
            },
            "ranking": 20.9110902084498,
            "depositPrice": "",
            "averageWeight": null,
            "comparePrice": "104,13 kr",
            "comparePriceUnit": "kg",
            "isDrugProduct": false,
            "solrSearchScore": 0.7614262700080872,
            "energyDeclaration": null,
            "newsSplashProduct": false,
            "notAllowedB2b": false,
            "notAllowedAnonymous": false,
            "productLine2": "KAVLI, 230g",
            "pickupProductLine2": "KAVLI, 230g",
            "priceUnit": "kr/st",
            "priceNoUnit": "23,95",
            "savingsAmount": 7.9,
            "googleAnalyticsCategory": "skafferi|kryddor-och-smaksattare|dressingar-och-majonnas-",
            "gdprTrackingIncompliant": false,
            "nicotineMedicalProduct": false,
            "tobaccoFreeNicotineProduct": false,
            "nonEkoProduct": false,
            "precautionaryStatements": [],
            "hazards": [],
            "tobaccoProduct": false,
            "showGoodPriceIcon": true,
            "labels": [],
            "seoDescription": "",
            "seoTitle": "",
            "manufacturer": "Kavli",
            "incrementValue": 1.0,
            "productBasketType": {
                "code": "ST",
                "type": "ProductBasketTypeEnum"
            },
            "bargainProduct": false,
            "addToCartMessage": "",
            "thumbnail": {
                "imageType": "PRIMARY",
                "format": "thumbnail",
                "url": "https://assets.axfood.se/image/upload/f_auto,t_100/07311440052157_C1N1_s01",
                "altText": null,
                "galleryIndex": null,
                "width": null
            },
            "outOfStock": false,
            "online": true,
            "displayVolume": "230g",
            "addToCartDisabled": false,
            "name": "Original Amerikansk Dressing",
            "code": "100451967_ST"
        },
        {
            "potentialPromotions": [
                {
                    "threshold": null,
                    "applied": false,
                    "campaignType": "GENERAL",
                    "offerStatus": null,
                    "productCodes": [
                        "101271974_ST",
                        "101271985_ST",
                        "101271986_ST",
                        "101271989_ST",
                        "101388137_ST",
                        "101549611_ST",
                        "101549612_ST"
                    ],
                    "promotionTheme": {
                        "code": "Z019",
                        "visible": null
                    },
                    "textLabelGenerated": "Alltid bra pris!",
                    "textLabelManual": null,
                    "lowestHistoricalPrice": null,
                    "price": {
                        "currencyIso": "SEK",
                        "value": 12.0,
                        "priceType": "BUY",
                        "formattedValue": "12,00 kr",
                        "minQuantity": null,
                        "maxQuantity": null
                    },
                    "promotionType": "MixMatchPricePromotion",
                    "conditionLabel": "3 för",
                    "rewardLabel": "36 kr",
                    "textLabel": "Alltid bra pris!",
                    "redeemLimitLabel": "",
                    "cartLabel": null,
                    "validUntil": null,
                    "timesUsed": null,
                    "qualifyingCount": 3,
                    "comparePrice": "120,00 kr",
                    "splashTitleText": "Alltid bra pris",
                    "realMixAndMatch": true,
                    "mainProductCode": "101271974_ST",
                    "conditionLabelFormatted": "",
                    "promotionRedeemLimit": null,
                    "promotionPercentage": null,
                    "cartLabelFormatted": "",
                    "priority": 208,
                    "code": "10009465207"
                }
            ],
            "inactivePotentialPromotions": [],
            "priceValue": 14.95,
            "price": "14,95 kr",
            "image": {
                "imageType": "PRIMARY",
                "format": "product",
                "url": "https://assets.axfood.se/image/upload/f_auto,t_200/04062300307131_C1N1_s02",
                "altText": null,
                "galleryIndex": null,
                "width": null
            },
            "ranking": 20.911090205173,
            "depositPrice": "",
            "averageWeight": null,
            "comparePrice": "149,50 kr",
            "comparePriceUnit": "kg",
            "isDrugProduct": false,
            "solrSearchScore": 0.7614262700080872,
            "energyDeclaration": null,
            "newsSplashProduct": false,
            "notAllowedB2b": false,
            "notAllowedAnonymous": false,
            "productLine2": "HIPP, 100g",
            "pickupProductLine2": "HIPP, 100g",
            "priceUnit": "kr/st",
            "priceNoUnit": "14,95",
            "savingsAmount": 8.85,
            "googleAnalyticsCategory": "barn|barnmat-och-fruktdryck|barnmat-5-6-man",
            "gdprTrackingIncompliant": false,
            "nicotineMedicalProduct": false,
            "tobaccoFreeNicotineProduct": false,
            "nonEkoProduct": false,
            "precautionaryStatements": [],
            "hazards": [],
            "tobaccoProduct": false,
            "showGoodPriceIcon": true,
            "labels": [
                "ecological",
                "eu_ecological"
            ],
            "seoDescription": "",
            "seoTitle": "",
            "manufacturer": "Hipp",
            "incrementValue": 1.0,
            "productBasketType": {
                "code": "ST",
                "type": "ProductBasketTypeEnum"
            },
            "bargainProduct": false,
            "addToCartMessage": "",
            "thumbnail": {
                "imageType": "PRIMARY",
                "format": "thumbnail",
                "url": "https://assets.axfood.se/image/upload/f_auto,t_100/04062300307131_C1N1_s02",
                "altText": null,
                "galleryIndex": null,
                "width": null
            },
            "outOfStock": false,
            "online": true,
            "displayVolume": "100g",
            "addToCartDisabled": false,
            "name": "Apple Banana Strawberries Från 6 Månader",
            "code": "101271974_ST"
        },
        {
            "potentialPromotions": [
                {
                    "threshold": null,
                    "applied": false,
                    "campaignType": "GENERAL",
                    "offerStatus": null,
                    "productCodes": [
                        "101547760_ST",
                        "101547761_ST",
                        "101547762_ST"
                    ],
                    "promotionTheme": {
                        "code": "Z019",
                        "visible": null
                    },
                    "textLabelGenerated": "Alltid bra pris!",
                    "textLabelManual": null,
                    "lowestHistoricalPrice": null,
                    "price": {
                        "currencyIso": "SEK",
                        "value": 27.0,
                        "priceType": "BUY",
                        "formattedValue": "27,00 kr",
                        "minQuantity": null,
                        "maxQuantity": null
                    },
                    "promotionType": "MixMatchPricePromotion",
                    "conditionLabel": "2 för",
                    "rewardLabel": "54 kr",
                    "textLabel": "Alltid bra pris!",
                    "redeemLimitLabel": "",
                    "cartLabel": null,
                    "validUntil": null,
                    "timesUsed": null,
                    "qualifyingCount": 2,
                    "comparePrice": "54,00 kr",
                    "splashTitleText": "Alltid bra pris",
                    "realMixAndMatch": true,
                    "mainProductCode": "101547760_ST",
                    "conditionLabelFormatted": "",
                    "promotionRedeemLimit": null,
                    "promotionPercentage": null,
                    "cartLabelFormatted": "",
                    "priority": 208,
                    "code": "10009465205"
                }
            ],
            "inactivePotentialPromotions": [],
            "priceValue": 29.95,
            "price": "29,95 kr",
            "image": {
                "imageType": "PRIMARY",
                "format": "product",
                "url": "https://assets.axfood.se/image/upload/f_auto,t_200/07046110315170_C1N1_s01",
                "altText": null,
                "galleryIndex": null,
                "width": null
            },
            "ranking": 20.9110902018962,
            "depositPrice": "",
            "averageWeight": null,
            "comparePrice": "59,90 kr",
            "comparePriceUnit": "l",
            "isDrugProduct": false,
            "solrSearchScore": 0.7614262700080872,
            "energyDeclaration": null,
            "newsSplashProduct": false,
            "notAllowedB2b": false,
            "notAllowedAnonymous": false,
            "productLine2": "GRUMME, 500ml",
            "pickupProductLine2": "GRUMME, 500ml",
            "priceUnit": "kr/st",
            "priceNoUnit": "29,95",
            "savingsAmount": 5.9,
            "googleAnalyticsCategory": "hem-och-hushall|disk|handdisk",
            "gdprTrackingIncompliant": false,
            "nicotineMedicalProduct": false,
            "tobaccoFreeNicotineProduct": false,
            "nonEkoProduct": false,
            "precautionaryStatements": [],
            "hazards": [],
            "tobaccoProduct": false,
            "showGoodPriceIcon": true,
            "labels": [
                "swan",
                "no_pictogram",
                "environmental_facet"
            ],
            "seoDescription": "",
            "seoTitle": "",
            "manufacturer": "Grumme",
            "incrementValue": 1.0,
            "productBasketType": {
                "code": "ST",
                "type": "ProductBasketTypeEnum"
            },
            "bargainProduct": false,
            "addToCartMessage": "",
            "thumbnail": {
                "imageType": "PRIMARY",
                "format": "thumbnail",
                "url": "https://assets.axfood.se/image/upload/f_auto,t_100/07046110315170_C1N1_s01",
                "altText": null,
                "galleryIndex": null,
                "width": null
            },
            "outOfStock": false,
            "online": true,
            "displayVolume": "500ml",
            "addToCartDisabled": false,
            "name": "Hav Diskmedel",
            "code": "101547760_ST"
        },
        {
            "potentialPromotions": [
                {
                    "threshold": null,
                    "applied": false,
                    "campaignType": "GENERAL",
                    "offerStatus": null,
                    "productCodes": [
                        "101289885_ST",
                        "101289894_ST",
                        "101289895_ST",
                        "101289896_ST",
                        "101289938_ST",
                        "101313605_ST"
                    ],
                    "promotionTheme": {
                        "code": "Z019",
                        "visible": null
                    },
                    "textLabelGenerated": "Alltid bra pris!",
                    "textLabelManual": null,
                    "lowestHistoricalPrice": null,
                    "price": {
                        "currencyIso": "SEK",
                        "value": 15.0,
                        "priceType": "BUY",
                        "formattedValue": "15,00 kr",
                        "minQuantity": null,
                        "maxQuantity": null
                    },
                    "promotionType": "MixMatchPricePromotion",
                    "conditionLabel": "2 för",
                    "rewardLabel": "30 kr",
                    "textLabel": "Alltid bra pris!",
                    "redeemLimitLabel": "",
                    "cartLabel": null,
                    "validUntil": null,
                    "timesUsed": null,
                    "qualifyingCount": 2,
                    "comparePrice": "65,22 kr",
                    "splashTitleText": "Alltid bra pris",
                    "realMixAndMatch": true,
                    "mainProductCode": "101289885_ST",
                    "conditionLabelFormatted": "",
                    "promotionRedeemLimit": null,
                    "promotionPercentage": null,
                    "cartLabelFormatted": "",
                    "priority": 208,
                    "code": "10009465204"
                }
            ],
            "inactivePotentialPromotions": [],
            "priceValue": 16.95,
            "price": "16,95 kr",
            "image": {
                "imageType": "PRIMARY",
                "format": "product",
                "url": "https://assets.axfood.se/image/upload/f_auto,t_200/07310130009785_C1R1_s03",
                "altText": null,
                "galleryIndex": null,
                "width": null
            },
            "ranking": 20.9110901986194,
            "depositPrice": "",
            "averageWeight": null,
            "comparePrice": "73,70 kr",
            "comparePriceUnit": "kg",
            "isDrugProduct": false,
            "solrSearchScore": 0.7614262700080872,
            "energyDeclaration": null,
            "newsSplashProduct": false,
            "notAllowedB2b": false,
            "notAllowedAnonymous": false,
            "productLine2": "GOGREEN, 380/230g",
            "pickupProductLine2": "GOGREEN, 380/230g",
            "priceUnit": "kr/st",
            "priceNoUnit": "16,95",
            "savingsAmount": 3.9,
            "googleAnalyticsCategory": "skafferi|konserver-och-burkar|bonor-och-baljvaxter",
            "gdprTrackingIncompliant": false,
            "nicotineMedicalProduct": false,
            "tobaccoFreeNicotineProduct": false,
            "nonEkoProduct": false,
            "precautionaryStatements": [],
            "hazards": [],
            "tobaccoProduct": false,
            "showGoodPriceIcon": true,
            "labels": [
                "keyhole"
            ],
            "seoDescription": "",
            "seoTitle": "",
            "manufacturer": "Gogreen",
            "incrementValue": 1.0,
            "productBasketType": {
                "code": "ST",
                "type": "ProductBasketTypeEnum"
            },
            "bargainProduct": false,
            "addToCartMessage": "",
            "thumbnail": {
                "imageType": "PRIMARY",
                "format": "thumbnail",
                "url": "https://assets.axfood.se/image/upload/f_auto,t_100/07310130009785_C1R1_s03",
                "altText": null,
                "galleryIndex": null,
                "width": null
            },
            "outOfStock": false,
            "online": true,
            "displayVolume": "380/230g",
            "addToCartDisabled": false,
            "name": "Svarta Bönor Svenska",
            "code": "101289885_ST"
        },
        {
            "potentialPromotions": [
                {
                    "threshold": null,
                    "applied": false,
                    "campaignType": "GENERAL",
                    "offerStatus": null,
                    "productCodes": [
                        "101542491_ST",
                        "101542492_ST",
                        "101542493_ST",
                        "101542494_ST",
                        "101542497_ST",
                        "101542548_ST",
                        "101542549_ST",
                        "101542550_ST",
                        "101662892_ST",
                        "101666825_ST"
                    ],
                    "promotionTheme": {
                        "code": "Z019",
                        "visible": null
                    },
                    "textLabelGenerated": "Alltid bra pris!",
                    "textLabelManual": null,
                    "lowestHistoricalPrice": null,
                    "price": {
                        "currencyIso": "SEK",
                        "value": 29.0,
                        "priceType": "BUY",
                        "formattedValue": "29,00 kr",
                        "minQuantity": null,
                        "maxQuantity": null
                    },
                    "promotionType": "MixMatchPricePromotion",
                    "conditionLabel": "2 för",
                    "rewardLabel": "58 kr",
                    "textLabel": "Alltid bra pris!",
                    "redeemLimitLabel": "",
                    "cartLabel": null,
                    "validUntil": null,
                    "timesUsed": null,
                    "qualifyingCount": 2,
                    "comparePrice": "116,00 kr",
                    "splashTitleText": "Alltid bra pris",
                    "realMixAndMatch": true,
                    "mainProductCode": "101542491_ST",
                    "conditionLabelFormatted": "",
                    "promotionRedeemLimit": null,
                    "promotionPercentage": null,
                    "cartLabelFormatted": "",
                    "priority": 208,
                    "code": "10009465203"
                }
            ],
            "inactivePotentialPromotions": [],
            "priceValue": 33.95,
            "price": "33,95 kr",
            "image": {
                "imageType": "PRIMARY",
                "format": "product",
                "url": "https://assets.axfood.se/image/upload/f_auto,t_200/07332531117890_C1N1_s01",
                "altText": null,
                "galleryIndex": null,
                "width": null
            },
            "ranking": 20.9110901953426,
            "depositPrice": "",
            "averageWeight": null,
            "comparePrice": "135,80 kr",
            "comparePriceUnit": "l",
            "isDrugProduct": false,
            "solrSearchScore": 0.7614262700080872,
            "energyDeclaration": null,
            "newsSplashProduct": false,
            "notAllowedB2b": false,
            "notAllowedAnonymous": false,
            "productLine2": "GLISS, 250ml",
            "pickupProductLine2": "GLISS, 250ml",
            "priceUnit": "kr/st",
            "priceNoUnit": "33,95",
            "savingsAmount": 9.9,
            "googleAnalyticsCategory": "halsa-och-skonhet|harvard|schampo",
            "gdprTrackingIncompliant": false,
            "nicotineMedicalProduct": false,
            "tobaccoFreeNicotineProduct": false,
            "nonEkoProduct": false,
            "precautionaryStatements": [],
            "hazards": [],
            "tobaccoProduct": false,
            "showGoodPriceIcon": true,
            "labels": [],
            "seoDescription": "",
            "seoTitle": "",
            "manufacturer": "Gliss",
            "incrementValue": 1.0,
            "productBasketType": {
                "code": "ST",
                "type": "ProductBasketTypeEnum"
            },
            "bargainProduct": false,
            "addToCartMessage": "",
            "thumbnail": {
                "imageType": "PRIMARY",
                "format": "thumbnail",
                "url": "https://assets.axfood.se/image/upload/f_auto,t_100/07332531117890_C1N1_s01",
                "altText": null,
                "galleryIndex": null,
                "width": null
            },
            "outOfStock": false,
            "online": true,
            "displayVolume": "250ml",
            "addToCartDisabled": false,
            "name": "Oil Nutritive Schampo",
            "code": "101542491_ST"
        },
        {
            "potentialPromotions": [
                {
                    "threshold": null,
                    "applied": false,
                    "campaignType": "GENERAL",
                    "offerStatus": null,
                    "productCodes": [
                        "101295719_ST",
                        "101295728_ST",
                        "101510476_ST"
                    ],
                    "promotionTheme": {
                        "code": "Z019",
                        "visible": null
                    },
                    "textLabelGenerated": "Alltid bra pris!",
                    "textLabelManual": null,
                    "lowestHistoricalPrice": null,
                    "price": {
                        "currencyIso": "SEK",
                        "value": 18.0,
                        "priceType": "BUY",
                        "formattedValue": "18,00 kr",
                        "minQuantity": null,
                        "maxQuantity": null
                    },
                    "promotionType": "MixMatchPricePromotion",
                    "conditionLabel": "2 för",
                    "rewardLabel": "36 kr",
                    "textLabel": "Alltid bra pris!",
                    "redeemLimitLabel": "",
                    "cartLabel": null,
                    "validUntil": null,
                    "timesUsed": null,
                    "qualifyingCount": 2,
                    "comparePrice": "120,00 kr",
                    "splashTitleText": "Alltid bra pris",
                    "realMixAndMatch": true,
                    "mainProductCode": "101295719_ST",
                    "conditionLabelFormatted": "",
                    "promotionRedeemLimit": null,
                    "promotionPercentage": null,
                    "cartLabelFormatted": "",
                    "priority": 208,
                    "code": "10009465202"
                }
            ],
            "inactivePotentialPromotions": [],
            "priceValue": 21.95,
            "price": "21,95 kr",
            "image": {
                "imageType": "PRIMARY",
                "format": "product",
                "url": "https://assets.axfood.se/image/upload/f_auto,t_200/00000050204977_C1N1_s02",
                "altText": null,
                "galleryIndex": null,
                "width": null
            },
            "ranking": 20.9110901920658,
            "depositPrice": "",
            "averageWeight": null,
            "comparePrice": "146,33 kr",
            "comparePriceUnit": "kg",
            "isDrugProduct": false,
            "solrSearchScore": 0.7614262700080872,
            "energyDeclaration": null,
            "newsSplashProduct": false,
            "notAllowedB2b": false,
            "notAllowedAnonymous": false,
            "productLine2": "GLADE, 150g",
            "pickupProductLine2": "GLADE, 150g",
            "priceUnit": "kr/st",
            "priceNoUnit": "21,95",
            "savingsAmount": 7.9,
            "googleAnalyticsCategory": "hem-och-hushall|stad|luftfraschare",
            "gdprTrackingIncompliant": false,
            "nicotineMedicalProduct": false,
            "tobaccoFreeNicotineProduct": false,
            "nonEkoProduct": false,
            "precautionaryStatements": [],
            "hazards": [],
            "tobaccoProduct": false,
            "showGoodPriceIcon": true,
            "labels": [
                "no_pictogram"
            ],
            "seoDescription": "",
            "seoTitle": "",
            "manufacturer": "Glade",
            "incrementValue": 1.0,
            "productBasketType": {
                "code": "ST",
                "type": "ProductBasketTypeEnum"
            },
            "bargainProduct": false,
            "addToCartMessage": "",
            "thumbnail": {
                "imageType": "PRIMARY",
                "format": "thumbnail",
                "url": "https://assets.axfood.se/image/upload/f_auto,t_100/00000050204977_C1N1_s02",
                "altText": null,
                "galleryIndex": null,
                "width": null
            },
            "outOfStock": false,
            "online": true,
            "displayVolume": "150g",
            "addToCartDisabled": false,
            "name": "Lily Of The Valley Doftblock",
            "code": "101295719_ST"
        },
        {
            "potentialPromotions": [
                {
                    "threshold": null,
                    "applied": false,
                    "campaignType": "GENERAL",
                    "offerStatus": null,
                    "productCodes": [
                        "101229946_ST",
                        "101232127_ST",
                        "101285782_ST",
                        "101302328_ST",
                        "101629545_ST"
                    ],
                    "promotionTheme": {
                        "code": "Z019",
                        "visible": null
                    },
                    "textLabelGenerated": "Alltid bra pris!",
                    "textLabelManual": null,
                    "lowestHistoricalPrice": null,
                    "price": {
                        "currencyIso": "SEK",
                        "value": 20.0,
                        "priceType": "BUY",
                        "formattedValue": "20,00 kr",
                        "minQuantity": null,
                        "maxQuantity": null
                    },
                    "promotionType": "MixMatchPricePromotion",
                    "conditionLabel": "2 för",
                    "rewardLabel": "40 kr",
                    "textLabel": "Alltid bra pris!",
                    "redeemLimitLabel": "",
                    "cartLabel": null,
                    "validUntil": null,
                    "timesUsed": null,
                    "qualifyingCount": 2,
                    "comparePrice": "44,44 kr",
                    "splashTitleText": "Alltid bra pris",
                    "realMixAndMatch": true,
                    "mainProductCode": "101229945_ST",
                    "conditionLabelFormatted": "",
                    "promotionRedeemLimit": null,
                    "promotionPercentage": null,
                    "cartLabelFormatted": "",
                    "priority": 208,
                    "code": "10009465198"
                }
            ],
            "inactivePotentialPromotions": [],
            "priceValue": 24.95,
            "price": "24,95 kr",
            "image": {
                "imageType": "PRIMARY",
                "format": "product",
                "url": "https://assets.axfood.se/image/upload/f_auto,t_200/07340083439513_C1N1_s02",
                "altText": null,
                "galleryIndex": null,
                "width": null
            },
            "ranking": 20.911090188789,
            "depositPrice": "",
            "averageWeight": null,
            "comparePrice": "55,44 kr",
            "comparePriceUnit": "kg",
            "isDrugProduct": false,
            "solrSearchScore": 0.7614262700080872,
            "energyDeclaration": null,
            "newsSplashProduct": false,
            "notAllowedB2b": false,
            "notAllowedAnonymous": false,
            "productLine2": "GARANT EKO, 450g",
            "pickupProductLine2": "GARANT EKO, 450g",
            "priceUnit": "kr/st",
            "priceNoUnit": "24,95",
            "savingsAmount": 9.9,
            "googleAnalyticsCategory": "fryst|gronsaker|gronsaker-och-rotfrukter",
            "gdprTrackingIncompliant": false,
            "nicotineMedicalProduct": false,
            "tobaccoFreeNicotineProduct": false,
            "nonEkoProduct": false,
            "precautionaryStatements": [],
            "hazards": [],
            "tobaccoProduct": false,
            "showGoodPriceIcon": true,
            "labels": [
                "ecological",
                "eu_ecological",
                "keyhole"
            ],
            "seoDescription": "",
            "seoTitle": "",
            "manufacturer": "Garant Eko",
            "incrementValue": 1.0,
            "productBasketType": {
                "code": "ST",
                "type": "ProductBasketTypeEnum"
            },
            "bargainProduct": false,
            "addToCartMessage": "",
            "thumbnail": {
                "imageType": "PRIMARY",
                "format": "thumbnail",
                "url": "https://assets.axfood.se/image/upload/f_auto,t_100/07340083439513_C1N1_s02",
                "altText": null,
                "galleryIndex": null,
                "width": null
            },
            "outOfStock": false,
            "online": true,
            "displayVolume": "450g",
            "addToCartDisabled": false,
            "name": "Majskorn Ekologisk Frysta",
            "code": "101229946_ST"
        },
        {
            "potentialPromotions": [
                {
                    "threshold": null,
                    "applied": false,
                    "campaignType": "GENERAL",
                    "offerStatus": null,
                    "productCodes": [
                        "101301595_ST",
                        "101301597_ST",
                        "101301618_ST",
                        "101301619_ST",
                        "101358873_ST"
                    ],
                    "promotionTheme": {
                        "code": "Z019",
                        "visible": null
                    },
                    "textLabelGenerated": "Alltid bra pris!",
                    "textLabelManual": null,
                    "lowestHistoricalPrice": null,
                    "price": {
                        "currencyIso": "SEK",
                        "value": 17.0,
                        "priceType": "BUY",
                        "formattedValue": "17,00 kr",
                        "minQuantity": null,
                        "maxQuantity": null
                    },
                    "promotionType": "MixMatchPricePromotion",
                    "conditionLabel": "2 för",
                    "rewardLabel": "34 kr",
                    "textLabel": "Alltid bra pris!",
                    "redeemLimitLabel": "",
                    "cartLabel": null,
                    "validUntil": null,
                    "timesUsed": null,
                    "qualifyingCount": 2,
                    "comparePrice": "34,00 kr",
                    "splashTitleText": "Alltid bra pris",
                    "realMixAndMatch": true,
                    "mainProductCode": "101301595_ST",
                    "conditionLabelFormatted": "",
                    "promotionRedeemLimit": null,
                    "promotionPercentage": null,
                    "cartLabelFormatted": "",
                    "priority": 208,
                    "code": "10009465197"
                }
            ],
            "inactivePotentialPromotions": [],
            "priceValue": 18.95,
            "price": "18,95 kr",
            "image": {
                "imageType": "PRIMARY",
                "format": "product",
                "url": "https://assets.axfood.se/image/upload/f_auto,t_200/07340083478024_C1N1_s02",
                "altText": null,
                "galleryIndex": null,
                "width": null
            },
            "ranking": 20.9110901855122,
            "depositPrice": "",
            "averageWeight": null,
            "comparePrice": "37,90 kr",
            "comparePriceUnit": "kg",
            "isDrugProduct": false,
            "solrSearchScore": 0.7614262700080872,
            "energyDeclaration": null,
            "newsSplashProduct": false,
            "notAllowedB2b": false,
            "notAllowedAnonymous": false,
            "productLine2": "GARANT EKO, 500g",
            "pickupProductLine2": "GARANT EKO, 500g",
            "priceUnit": "kr/st",
            "priceNoUnit": "18,95",
            "savingsAmount": 3.9,
            "googleAnalyticsCategory": "skafferi|kryddor-och-smaksattare|saser",
            "gdprTrackingIncompliant": false,
            "nicotineMedicalProduct": false,
            "tobaccoFreeNicotineProduct": false,
            "nonEkoProduct": false,
            "precautionaryStatements": [],
            "hazards": [],
            "tobaccoProduct": false,
            "showGoodPriceIcon": true,
            "labels": [
                "ecological",
                "eu_ecological"
            ],
            "seoDescription": "",
            "seoTitle": "",
            "manufacturer": "Garant Eko",
            "incrementValue": 1.0,
            "productBasketType": {
                "code": "ST",
                "type": "ProductBasketTypeEnum"
            },
            "bargainProduct": false,
            "addToCartMessage": "",
            "thumbnail": {
                "imageType": "PRIMARY",
                "format": "thumbnail",
                "url": "https://assets.axfood.se/image/upload/f_auto,t_100/07340083478024_C1N1_s02",
                "altText": null,
                "galleryIndex": null,
                "width": null
            },
            "outOfStock": false,
            "online": true,
            "displayVolume": "500g",
            "addToCartDisabled": false,
            "name": "Fusilli Pasta",
            "code": "101301595_ST"
        },
        {
            "potentialPromotions": [
                {
                    "threshold": null,
                    "applied": false,
                    "campaignType": "GENERAL",
                    "offerStatus": null,
                    "productCodes": [
                        "101548831_ST",
                        "101548832_ST"
                    ],
                    "promotionTheme": {
                        "code": "Z019",
                        "visible": null
                    },
                    "textLabelGenerated": "Alltid bra pris!",
                    "textLabelManual": null,
                    "lowestHistoricalPrice": null,
                    "price": {
                        "currencyIso": "SEK",
                        "value": 14.0,
                        "priceType": "BUY",
                        "formattedValue": "14,00 kr",
                        "minQuantity": null,
                        "maxQuantity": null
                    },
                    "promotionType": "MixMatchPricePromotion",
                    "conditionLabel": "2 för",
                    "rewardLabel": "28 kr",
                    "textLabel": "Alltid bra pris!",
                    "redeemLimitLabel": "",
                    "cartLabel": null,
                    "validUntil": null,
                    "timesUsed": null,
                    "qualifyingCount": 2,
                    "comparePrice": "56,00 kr",
                    "splashTitleText": "Alltid bra pris",
                    "realMixAndMatch": true,
                    "mainProductCode": "101309805_ST",
                    "conditionLabelFormatted": "",
                    "promotionRedeemLimit": null,
                    "promotionPercentage": null,
                    "cartLabelFormatted": "",
                    "priority": 208,
                    "code": "10009465196"
                }
            ],
            "inactivePotentialPromotions": [],
            "priceValue": 16.5,
            "price": "16,50 kr",
            "image": {
                "imageType": "PRIMARY",
                "format": "product",
                "url": "https://assets.axfood.se/image/upload/f_auto,t_200/07311043008391_C1L1_s01",
                "altText": null,
                "galleryIndex": null,
                "width": null
            },
            "ranking": 20.9110901822354,
            "depositPrice": "",
            "averageWeight": null,
            "comparePrice": "66,00 kr",
            "comparePriceUnit": "kg",
            "isDrugProduct": false,
            "solrSearchScore": 0.7614262700080872,
            "energyDeclaration": null,
            "newsSplashProduct": false,
            "notAllowedB2b": false,
            "notAllowedAnonymous": false,
            "productLine2": "GARANT EKO, 250ml",
            "pickupProductLine2": "GARANT EKO, 250ml",
            "priceUnit": "kr/st",
            "priceNoUnit": "16,50",
            "savingsAmount": 5.0,
            "googleAnalyticsCategory": "skafferi|asien|kokosmjolk-och-kokosgradde",
            "gdprTrackingIncompliant": false,
            "nicotineMedicalProduct": false,
            "tobaccoFreeNicotineProduct": false,
            "nonEkoProduct": false,
            "precautionaryStatements": [],
            "hazards": [],
            "tobaccoProduct": false,
            "showGoodPriceIcon": true,
            "labels": [
                "ecological",
                "fairtrade",
                "eu_ecological",
                "fairtrade_facet"
            ],
            "seoDescription": "",
            "seoTitle": "",
            "manufacturer": "Garant Eko",
            "incrementValue": 1.0,
            "productBasketType": {
                "code": "ST",
                "type": "ProductBasketTypeEnum"
            },
            "bargainProduct": false,
            "addToCartMessage": "",
            "thumbnail": {
                "imageType": "PRIMARY",
                "format": "thumbnail",
                "url": "https://assets.axfood.se/image/upload/f_auto,t_100/07311043008391_C1L1_s01",
                "altText": null,
                "galleryIndex": null,
                "width": null
            },
            "outOfStock": false,
            "online": true,
            "displayVolume": "250ml",
            "addToCartDisabled": false,
            "name": "Kokosmjölk",
            "code": "101548831_ST"
        },
        {
            "potentialPromotions": [
                {
                    "threshold": null,
                    "applied": false,
                    "campaignType": "GENERAL",
                    "offerStatus": null,
                    "productCodes": [
                        "101245190_ST",
                        "101262309_ST",
                        "101262310_ST",
                        "101262311_ST",
                        "101287110_ST",
                        "101329016_ST",
                        "101329017_ST",
                        "101329108_ST"
                    ],
                    "promotionTheme": {
                        "code": "Z019",
                        "visible": null
                    },
                    "textLabelGenerated": "Alltid bra pris!",
                    "textLabelManual": null,
                    "lowestHistoricalPrice": null,
                    "price": {
                        "currencyIso": "SEK",
                        "value": 13.0,
                        "priceType": "BUY",
                        "formattedValue": "13,00 kr",
                        "minQuantity": null,
                        "maxQuantity": null
                    },
                    "promotionType": "MixMatchPricePromotion",
                    "conditionLabel": "2 för",
                    "rewardLabel": "26 kr",
                    "textLabel": "Alltid bra pris!",
                    "redeemLimitLabel": "",
                    "cartLabel": null,
                    "validUntil": null,
                    "timesUsed": null,
                    "qualifyingCount": 2,
                    "comparePrice": "56,52 kr",
                    "splashTitleText": "Alltid bra pris",
                    "realMixAndMatch": true,
                    "mainProductCode": "101245190_ST",
                    "conditionLabelFormatted": "",
                    "promotionRedeemLimit": null,
                    "promotionPercentage": null,
                    "cartLabelFormatted": "",
                    "priority": 208,
                    "code": "10009465195"
                }
            ],
            "inactivePotentialPromotions": [],
            "priceValue": 14.95,
            "price": "14,95 kr",
            "image": {
                "imageType": "PRIMARY",
                "format": "product",
                "url": "https://assets.axfood.se/image/upload/f_auto,t_200/07340083447365_C1L1_s02",
                "altText": null,
                "galleryIndex": null,
                "width": null
            },
            "ranking": 20.9110901789586,
            "depositPrice": "",
            "averageWeight": null,
            "comparePrice": "65,00 kr",
            "comparePriceUnit": "kg",
            "isDrugProduct": false,
            "solrSearchScore": 0.7614262700080872,
            "energyDeclaration": null,
            "newsSplashProduct": false,
            "notAllowedB2b": false,
            "notAllowedAnonymous": false,
            "productLine2": "GARANT EKO, 380/230g",
            "pickupProductLine2": "GARANT EKO, 380/230g",
            "priceUnit": "kr/st",
            "priceNoUnit": "14,95",
            "savingsAmount": 3.9,
            "googleAnalyticsCategory": "skafferi|konserver-och-burkar|bonor-och-baljvaxter",
            "gdprTrackingIncompliant": false,
            "nicotineMedicalProduct": false,
            "tobaccoFreeNicotineProduct": false,
            "nonEkoProduct": false,
            "precautionaryStatements": [],
            "hazards": [],
            "tobaccoProduct": false,
            "showGoodPriceIcon": true,
            "labels": [
                "ecological",
                "eu_ecological",
                "keyhole"
            ],
            "seoDescription": "",
            "seoTitle": "",
            "manufacturer": "Garant Eko",
            "incrementValue": 1.0,
            "productBasketType": {
                "code": "ST",
                "type": "ProductBasketTypeEnum"
            },
            "bargainProduct": false,
            "addToCartMessage": "",
            "thumbnail": {
                "imageType": "PRIMARY",
                "format": "thumbnail",
                "url": "https://assets.axfood.se/image/upload/f_auto,t_100/07340083447365_C1L1_s02",
                "altText": null,
                "galleryIndex": null,
                "width": null
            },
            "outOfStock": false,
            "online": true,
            "displayVolume": "380/230g",
            "addToCartDisabled": false,
            "name": "Svarta Bönor Ekologiska Naturella",
            "code": "101245190_ST"
        },
        {
            "potentialPromotions": [
                {
                    "threshold": null,
                    "applied": false,
                    "campaignType": "GENERAL",
                    "offerStatus": null,
                    "productCodes": [
                        "101231766_ST",
                        "101231767_ST",
                        "101231803_ST"
                    ],
                    "promotionTheme": {
                        "code": "Z019",
                        "visible": null
                    },
                    "textLabelGenerated": "Alltid bra pris!",
                    "textLabelManual": null,
                    "lowestHistoricalPrice": null,
                    "price": {
                        "currencyIso": "SEK",
                        "value": 12.5,
                        "priceType": "BUY",
                        "formattedValue": "12,50 kr",
                        "minQuantity": null,
                        "maxQuantity": null
                    },
                    "promotionType": "MixMatchPricePromotion",
                    "conditionLabel": "2 för",
                    "rewardLabel": "25 kr",
                    "textLabel": "Alltid bra pris!",
                    "redeemLimitLabel": "",
                    "cartLabel": null,
                    "validUntil": null,
                    "timesUsed": null,
                    "qualifyingCount": 2,
                    "comparePrice": "4,17 kr",
                    "splashTitleText": "Alltid bra pris",
                    "realMixAndMatch": true,
                    "mainProductCode": "101231766_ST",
                    "conditionLabelFormatted": "",
                    "promotionRedeemLimit": null,
                    "promotionPercentage": null,
                    "cartLabelFormatted": "",
                    "priority": 208,
                    "code": "10009465194"
                }
            ],
            "inactivePotentialPromotions": [],
            "priceValue": 13.95,
            "price": "13,95 kr",
            "image": {
                "imageType": "PRIMARY",
                "format": "product",
                "url": "https://assets.axfood.se/image/upload/f_auto,t_200/07340083443251_C1L1_s02",
                "altText": null,
                "galleryIndex": null,
                "width": null
            },
            "ranking": 20.9110901756818,
            "depositPrice": "",
            "averageWeight": null,
            "comparePrice": "4,65 kr",
            "comparePriceUnit": "l",
            "isDrugProduct": false,
            "solrSearchScore": 0.7614262700080872,
            "energyDeclaration": null,
            "newsSplashProduct": false,
            "notAllowedB2b": false,
            "notAllowedAnonymous": false,
            "productLine2": "GARANT EKO, 6p/3l",
            "pickupProductLine2": "GARANT EKO, 6p/3l",
            "priceUnit": "kr/st",
            "priceNoUnit": "13,95",
            "savingsAmount": 2.9,
            "googleAnalyticsCategory": "skafferi|kryddor-och-smaksattare|buljong",
            "gdprTrackingIncompliant": false,
            "nicotineMedicalProduct": false,
            "tobaccoFreeNicotineProduct": false,
            "nonEkoProduct": false,
            "precautionaryStatements": [],
            "hazards": [],
            "tobaccoProduct": false,
            "showGoodPriceIcon": true,
            "labels": [
                "ecological",
                "eu_ecological"
            ],
            "seoDescription": "",
            "seoTitle": "",
            "manufacturer": "Garant Eko",
            "incrementValue": 1.0,
            "productBasketType": {
                "code": "ST",
                "type": "ProductBasketTypeEnum"
            },
            "bargainProduct": false,
            "addToCartMessage": "",
            "thumbnail": {
                "imageType": "PRIMARY",
                "format": "thumbnail",
                "url": "https://assets.axfood.se/image/upload/f_auto,t_100/07340083443251_C1L1_s02",
                "altText": null,
                "galleryIndex": null,
                "width": null
            },
            "outOfStock": false,
            "online": true,
            "displayVolume": "6p/3l",
            "addToCartDisabled": false,
            "name": "Kyckling Buljong Tärningar",
            "code": "101231766_ST"
        },
        {
            "potentialPromotions": [
                {
                    "threshold": null,
                    "applied": false,
                    "campaignType": "GENERAL",
                    "offerStatus": null,
                    "productCodes": [
                        "101502740_ST",
                        "101502741_ST",
                        "101502742_ST"
                    ],
                    "promotionTheme": {
                        "code": "Z019",
                        "visible": null
                    },
                    "textLabelGenerated": "Alltid bra pris!",
                    "textLabelManual": null,
                    "lowestHistoricalPrice": null,
                    "price": {
                        "currencyIso": "SEK",
                        "value": 34.5,
                        "priceType": "BUY",
                        "formattedValue": "34,50 kr",
                        "minQuantity": null,
                        "maxQuantity": null
                    },
                    "promotionType": "MixMatchPricePromotion",
                    "conditionLabel": "2 för",
                    "rewardLabel": "69 kr",
                    "textLabel": "Alltid bra pris!",
                    "redeemLimitLabel": "",
                    "cartLabel": null,
                    "validUntil": null,
                    "timesUsed": null,
                    "qualifyingCount": 2,
                    "comparePrice": "93,24 kr",
                    "splashTitleText": "Alltid bra pris",
                    "realMixAndMatch": true,
                    "mainProductCode": "101502740_ST",
                    "conditionLabelFormatted": "",
                    "promotionRedeemLimit": null,
                    "promotionPercentage": null,
                    "cartLabelFormatted": "",
                    "priority": 208,
                    "code": "10009465192"
                }
            ],
            "inactivePotentialPromotions": [],
            "priceValue": 36.95,
            "price": "36,95 kr",
            "image": {
                "imageType": "PRIMARY",
                "format": "product",
                "url": "https://assets.axfood.se/image/upload/f_auto,t_200/07311043004416_C1N1_s02",
                "altText": null,
                "galleryIndex": null,
                "width": null
            },
            "ranking": 20.911090172405,
            "depositPrice": "",
            "averageWeight": null,
            "comparePrice": "99,86 kr",
            "comparePriceUnit": "kg",
            "isDrugProduct": false,
            "solrSearchScore": 0.7614262700080872,
            "energyDeclaration": null,
            "newsSplashProduct": false,
            "notAllowedB2b": false,
            "notAllowedAnonymous": false,
            "productLine2": "GARANT, 370g",
            "pickupProductLine2": "GARANT, 370g",
            "priceUnit": "kr/st",
            "priceNoUnit": "36,95",
            "savingsAmount": 4.9,
            "googleAnalyticsCategory": "fryst|portionsratter|enportioner",
            "gdprTrackingIncompliant": false,
            "nicotineMedicalProduct": false,
            "tobaccoFreeNicotineProduct": false,
            "nonEkoProduct": false,
            "precautionaryStatements": [],
            "hazards": [],
            "tobaccoProduct": false,
            "showGoodPriceIcon": true,
            "labels": [],
            "seoDescription": "",
            "seoTitle": "",
            "manufacturer": "Garant",
            "incrementValue": 1.0,
            "productBasketType": {
                "code": "ST",
                "type": "ProductBasketTypeEnum"
            },
            "bargainProduct": false,
            "addToCartMessage": "",
            "thumbnail": {
                "imageType": "PRIMARY",
                "format": "thumbnail",
                "url": "https://assets.axfood.se/image/upload/f_auto,t_100/07311043004416_C1N1_s02",
                "altText": null,
                "galleryIndex": null,
                "width": null
            },
            "outOfStock": false,
            "online": true,
            "displayVolume": "370g",
            "addToCartDisabled": false,
            "name": "Pasta Bowl Tomat Mozzarella",
            "code": "101502740_ST"
        },
        {
            "potentialPromotions": [
                {
                    "threshold": null,
                    "applied": false,
                    "campaignType": "GENERAL",
                    "offerStatus": null,
                    "productCodes": [
                        "101203406_ST",
                        "101203456_ST",
                        "101231745_ST",
                        "101329184_ST",
                        "101329185_ST",
                        "101591535_ST"
                    ],
                    "promotionTheme": {
                        "code": "Z019",
                        "visible": null
                    },
                    "textLabelGenerated": "Alltid bra pris!",
                    "textLabelManual": null,
                    "lowestHistoricalPrice": null,
                    "price": {
                        "currencyIso": "SEK",
                        "value": 29.0,
                        "priceType": "BUY",
                        "formattedValue": "29,00 kr",
                        "minQuantity": null,
                        "maxQuantity": null
                    },
                    "promotionType": "MixMatchPricePromotion",
                    "conditionLabel": "2 för",
                    "rewardLabel": "58 kr",
                    "textLabel": "Alltid bra pris!",
                    "redeemLimitLabel": "",
                    "cartLabel": null,
                    "validUntil": null,
                    "timesUsed": null,
                    "qualifyingCount": 2,
                    "comparePrice": "131,82 kr",
                    "splashTitleText": "Alltid bra pris",
                    "realMixAndMatch": true,
                    "mainProductCode": "101203406_ST",
                    "conditionLabelFormatted": "",
                    "promotionRedeemLimit": null,
                    "promotionPercentage": null,
                    "cartLabelFormatted": "",
                    "priority": 208,
                    "code": "10009465189"
                }
            ],
            "inactivePotentialPromotions": [],
            "priceValue": 30.95,
            "price": "30,95 kr",
            "image": {
                "imageType": "PRIMARY",
                "format": "product",
                "url": "https://assets.axfood.se/image/upload/f_auto,t_200/07340083405679_C1L1_s03",
                "altText": null,
                "galleryIndex": null,
                "width": null
            },
            "ranking": 20.9110901691282,
            "depositPrice": "",
            "averageWeight": null,
            "comparePrice": "140,68 kr",
            "comparePriceUnit": "kg",
            "isDrugProduct": false,
            "solrSearchScore": 0.7614262700080872,
            "energyDeclaration": null,
            "newsSplashProduct": false,
            "notAllowedB2b": false,
            "notAllowedAnonymous": false,
            "productLine2": "GARANT, 220g",
            "pickupProductLine2": "GARANT, 220g",
            "priceUnit": "kr/st",
            "priceNoUnit": "30,95",
            "savingsAmount": 3.9,
            "googleAnalyticsCategory": "fryst|pizza-paj-och-piroger|paj-och-piroger",
            "gdprTrackingIncompliant": false,
            "nicotineMedicalProduct": false,
            "tobaccoFreeNicotineProduct": false,
            "nonEkoProduct": false,
            "precautionaryStatements": [],
            "hazards": [],
            "tobaccoProduct": false,
            "showGoodPriceIcon": true,
            "labels": [],
            "seoDescription": "",
            "seoTitle": "",
            "manufacturer": "Garant",
            "incrementValue": 1.0,
            "productBasketType": {
                "code": "ST",
                "type": "ProductBasketTypeEnum"
            },
            "bargainProduct": false,
            "addToCartMessage": "",
            "thumbnail": {
                "imageType": "PRIMARY",
                "format": "thumbnail",
                "url": "https://assets.axfood.se/image/upload/f_auto,t_100/07340083405679_C1L1_s03",
                "altText": null,
                "galleryIndex": null,
                "width": null
            },
            "outOfStock": false,
            "online": true,
            "displayVolume": "220g",
            "addToCartDisabled": false,
            "name": "Tarte Aux Fromages Ost Paj Fryst/1 Port",
            "code": "101203406_ST"
        },
        {
            "potentialPromotions": [
                {
                    "threshold": null,
                    "applied": false,
                    "campaignType": "GENERAL",
                    "offerStatus": null,
                    "productCodes": [
                        "101433526_ST",
                        "101433527_ST"
                    ],
                    "promotionTheme": {
                        "code": "Z019",
                        "visible": null
                    },
                    "textLabelGenerated": "Alltid bra pris!",
                    "textLabelManual": null,
                    "lowestHistoricalPrice": null,
                    "price": {
                        "currencyIso": "SEK",
                        "value": 22.5,
                        "priceType": "BUY",
                        "formattedValue": "22,50 kr",
                        "minQuantity": null,
                        "maxQuantity": null
                    },
                    "promotionType": "MixMatchPricePromotion",
                    "conditionLabel": "2 för",
                    "rewardLabel": "45 kr",
                    "textLabel": "Alltid bra pris!",
                    "redeemLimitLabel": "",
                    "cartLabel": null,
                    "validUntil": null,
                    "timesUsed": null,
                    "qualifyingCount": 2,
                    "comparePrice": "45,00 kr",
                    "splashTitleText": "Alltid bra pris",
                    "realMixAndMatch": true,
                    "mainProductCode": "101433526_ST",
                    "conditionLabelFormatted": "",
                    "promotionRedeemLimit": null,
                    "promotionPercentage": null,
                    "cartLabelFormatted": "",
                    "priority": 208,
                    "code": "10009465184"
                }
            ],
            "inactivePotentialPromotions": [],
            "priceValue": 24.95,
            "price": "24,95 kr",
            "image": {
                "imageType": "PRIMARY",
                "format": "product",
                "url": "https://assets.axfood.se/image/upload/f_auto,t_200/07340083499913_C1N1_s01",
                "altText": null,
                "galleryIndex": null,
                "width": null
            },
            "ranking": 20.9110901658514,
            "depositPrice": "",
            "averageWeight": null,
            "comparePrice": "49,90 kr",
            "comparePriceUnit": "kg",
            "isDrugProduct": false,
            "solrSearchScore": 0.7614262700080872,
            "energyDeclaration": null,
            "newsSplashProduct": false,
            "notAllowedB2b": false,
            "notAllowedAnonymous": false,
            "productLine2": "GARANT, 500g",
            "pickupProductLine2": "GARANT, 500g",
            "priceUnit": "kr/st",
            "priceNoUnit": "24,95",
            "savingsAmount": 4.9,
            "googleAnalyticsCategory": "fryst|gronsaker|gronsaker-och-rotfrukter",
            "gdprTrackingIncompliant": false,
            "nicotineMedicalProduct": false,
            "tobaccoFreeNicotineProduct": false,
            "nonEkoProduct": false,
            "precautionaryStatements": [],
            "hazards": [],
            "tobaccoProduct": false,
            "showGoodPriceIcon": true,
            "labels": [
                "keyhole"
            ],
            "seoDescription": "",
            "seoTitle": "",
            "manufacturer": "Garant",
            "incrementValue": 1.0,
            "productBasketType": {
                "code": "ST",
                "type": "ProductBasketTypeEnum"
            },
            "bargainProduct": false,
            "addToCartMessage": "",
            "thumbnail": {
                "imageType": "PRIMARY",
                "format": "thumbnail",
                "url": "https://assets.axfood.se/image/upload/f_auto,t_100/07340083499913_C1N1_s01",
                "altText": null,
                "galleryIndex": null,
                "width": null
            },
            "outOfStock": false,
            "online": true,
            "displayVolume": "500g",
            "addToCartDisabled": false,
            "name": "Klassisk Wokmix Fryst",
            "code": "101433526_ST"
        },
        {
            "potentialPromotions": [
                {
                    "threshold": null,
                    "applied": false,
                    "campaignType": "GENERAL",
                    "offerStatus": null,
                    "productCodes": [
                        "101552965_ST",
                        "101552966_ST",
                        "101552967_ST"
                    ],
                    "promotionTheme": {
                        "code": "Z019",
                        "visible": null
                    },
                    "textLabelGenerated": "Alltid bra pris!",
                    "textLabelManual": null,
                    "lowestHistoricalPrice": null,
                    "price": {
                        "currencyIso": "SEK",
                        "value": 62.5,
                        "priceType": "BUY",
                        "formattedValue": "62,50 kr",
                        "minQuantity": null,
                        "maxQuantity": null
                    },
                    "promotionType": "MixMatchPricePromotion",
                    "conditionLabel": "2 för",
                    "rewardLabel": "125 kr",
                    "textLabel": "Alltid bra pris!",
                    "redeemLimitLabel": "",
                    "cartLabel": null,
                    "validUntil": null,
                    "timesUsed": null,
                    "qualifyingCount": 2,
                    "comparePrice": "138,89 kr",
                    "splashTitleText": "Alltid bra pris",
                    "realMixAndMatch": true,
                    "mainProductCode": "101552965_ST",
                    "conditionLabelFormatted": "",
                    "promotionRedeemLimit": null,
                    "promotionPercentage": null,
                    "cartLabelFormatted": "",
                    "priority": 208,
                    "code": "10009465180"
                }
            ],
            "inactivePotentialPromotions": [],
            "priceValue": 69.95,
            "price": "69,95 kr",
            "image": {
                "imageType": "PRIMARY",
                "format": "product",
                "url": "https://assets.axfood.se/image/upload/f_auto,t_200/07311043009312_C1L1_s01",
                "altText": null,
                "galleryIndex": null,
                "width": null
            },
            "ranking": 20.9110901625746,
            "depositPrice": "",
            "averageWeight": null,
            "comparePrice": "155,44 kr",
            "comparePriceUnit": "kg",
            "isDrugProduct": false,
            "solrSearchScore": 0.7614262700080872,
            "energyDeclaration": null,
            "newsSplashProduct": false,
            "notAllowedB2b": false,
            "notAllowedAnonymous": false,
            "productLine2": "GARANT, 450g",
            "pickupProductLine2": "GARANT, 450g",
            "priceUnit": "kr/st",
            "priceNoUnit": "69,95",
            "savingsAmount": 14.9,
            "googleAnalyticsCategory": "skafferi|kaffe|bryggkaffe",
            "gdprTrackingIncompliant": false,
            "nicotineMedicalProduct": false,
            "tobaccoFreeNicotineProduct": false,
            "nonEkoProduct": false,
            "precautionaryStatements": [],
            "hazards": [],
            "tobaccoProduct": false,
            "showGoodPriceIcon": true,
            "labels": [
                "rainforest_alliance",
                "environmental_facet"
            ],
            "seoDescription": "",
            "seoTitle": "",
            "manufacturer": "Garant",
            "incrementValue": 1.0,
            "productBasketType": {
                "code": "ST",
                "type": "ProductBasketTypeEnum"
            },
            "bargainProduct": false,
            "addToCartMessage": "",
            "thumbnail": {
                "imageType": "PRIMARY",
                "format": "thumbnail",
                "url": "https://assets.axfood.se/image/upload/f_auto,t_100/07311043009312_C1L1_s01",
                "altText": null,
                "galleryIndex": null,
                "width": null
            },
            "outOfStock": false,
            "online": true,
            "displayVolume": "450g",
            "addToCartDisabled": false,
            "name": "Bryggkaffe Mellanrost 100% Arabica",
            "code": "101552965_ST"
        },
        {
            "potentialPromotions": [
                {
                    "threshold": null,
                    "applied": false,
                    "campaignType": "GENERAL",
                    "offerStatus": null,
                    "productCodes": [
                        "101277258_ST"
                    ],
                    "promotionTheme": {
                        "code": "Z019",
                        "visible": null
                    },
                    "textLabelGenerated": "Alltid bra pris!",
                    "textLabelManual": null,
                    "lowestHistoricalPrice": null,
                    "price": {
                        "currencyIso": "SEK",
                        "value": 19.0,
                        "priceType": "BUY",
                        "formattedValue": "19,00 kr",
                        "minQuantity": null,
                        "maxQuantity": null
                    },
                    "promotionType": "MixMatchPricePromotion",
                    "conditionLabel": "2 för",
                    "rewardLabel": "38 kr",
                    "textLabel": "Alltid bra pris!",
                    "redeemLimitLabel": "",
                    "cartLabel": null,
                    "validUntil": null,
                    "timesUsed": null,
                    "qualifyingCount": 2,
                    "comparePrice": "84,44 kr",
                    "splashTitleText": "Alltid bra pris",
                    "realMixAndMatch": false,
                    "mainProductCode": "101277258_ST",
                    "conditionLabelFormatted": "",
                    "promotionRedeemLimit": null,
                    "promotionPercentage": null,
                    "cartLabelFormatted": "",
                    "priority": 208,
                    "code": "10009465179"
                }
            ],
            "inactivePotentialPromotions": [],
            "priceValue": 21.95,
            "price": "21,95 kr",
            "image": {
                "imageType": "PRIMARY",
                "format": "product",
                "url": "https://assets.axfood.se/image/upload/f_auto,t_200/07340083465413_C1L1_s02",
                "altText": null,
                "galleryIndex": null,
                "width": null
            },
            "ranking": 20.9110901592978,
            "depositPrice": "",
            "averageWeight": null,
            "comparePrice": "97,55 kr",
            "comparePriceUnit": "kg",
            "isDrugProduct": false,
            "solrSearchScore": 0.7614262700080872,
            "energyDeclaration": null,
            "newsSplashProduct": false,
            "notAllowedB2b": false,
            "notAllowedAnonymous": false,
            "productLine2": "GARANT, 225g",
            "pickupProductLine2": "GARANT, 225g",
            "priceUnit": "kr/st",
            "priceNoUnit": "21,95",
            "savingsAmount": 5.9,
            "googleAnalyticsCategory": "frukt-och-gront|bar|frysta-bar",
            "gdprTrackingIncompliant": false,
            "nicotineMedicalProduct": false,
            "tobaccoFreeNicotineProduct": false,
            "nonEkoProduct": false,
            "precautionaryStatements": [],
            "hazards": [],
            "tobaccoProduct": false,
            "showGoodPriceIcon": true,
            "labels": [
                "keyhole"
            ],
            "seoDescription": "",
            "seoTitle": "",
            "manufacturer": "Garant",
            "incrementValue": 1.0,
            "productBasketType": {
                "code": "ST",
                "type": "ProductBasketTypeEnum"
            },
            "bargainProduct": false,
            "addToCartMessage": "",
            "thumbnail": {
                "imageType": "PRIMARY",
                "format": "thumbnail",
                "url": "https://assets.axfood.se/image/upload/f_auto,t_100/07340083465413_C1L1_s02",
                "altText": null,
                "galleryIndex": null,
                "width": null
            },
            "outOfStock": false,
            "online": true,
            "displayVolume": "225g",
            "addToCartDisabled": false,
            "name": "Stora Blåbär Odlade Frysta",
            "code": "101277258_ST"
        },
        {
            "potentialPromotions": [
                {
                    "threshold": null,
                    "applied": false,
                    "campaignType": "GENERAL",
                    "offerStatus": null,
                    "productCodes": [
                        "101152404_ST"
                    ],
                    "promotionTheme": {
                        "code": "Z019",
                        "visible": null
                    },
                    "textLabelGenerated": "Alltid bra pris!",
                    "textLabelManual": null,
                    "lowestHistoricalPrice": null,
                    "price": {
                        "currencyIso": "SEK",
                        "value": 17.5,
                        "priceType": "BUY",
                        "formattedValue": "17,50 kr",
                        "minQuantity": null,
                        "maxQuantity": null
                    },
                    "promotionType": "MixMatchPricePromotion",
                    "conditionLabel": "2 för",
                    "rewardLabel": "35 kr",
                    "textLabel": "Alltid bra pris!",
                    "redeemLimitLabel": "",
                    "cartLabel": null,
                    "validUntil": null,
                    "timesUsed": null,
                    "qualifyingCount": 2,
                    "comparePrice": "70,00 kr",
                    "splashTitleText": "Alltid bra pris",
                    "realMixAndMatch": false,
                    "mainProductCode": "101152404_ST",
                    "conditionLabelFormatted": "",
                    "promotionRedeemLimit": null,
                    "promotionPercentage": null,
                    "cartLabelFormatted": "",
                    "priority": 208,
                    "code": "10009465178"
                }
            ],
            "inactivePotentialPromotions": [],
            "priceValue": 20.95,
            "price": "20,95 kr",
            "image": {
                "imageType": "PRIMARY",
                "format": "product",
                "url": "https://assets.axfood.se/image/upload/f_auto,t_200/07311041065075_C1L1_s02",
                "altText": null,
                "galleryIndex": null,
                "width": null
            },
            "ranking": 20.911090156021,
            "depositPrice": "",
            "averageWeight": null,
            "comparePrice": "83,80 kr",
            "comparePriceUnit": "kg",
            "isDrugProduct": false,
            "solrSearchScore": 0.7614262700080872,
            "energyDeclaration": null,
            "newsSplashProduct": false,
            "notAllowedB2b": false,
            "notAllowedAnonymous": false,
            "productLine2": "GARANT, 250g",
            "pickupProductLine2": "GARANT, 250g",
            "priceUnit": "kr/st",
            "priceNoUnit": "20,95",
            "savingsAmount": 6.9,
            "googleAnalyticsCategory": "fryst|gronsaker|gronsaker-och-rotfrukter",
            "gdprTrackingIncompliant": false,
            "nicotineMedicalProduct": false,
            "tobaccoFreeNicotineProduct": false,
            "nonEkoProduct": false,
            "precautionaryStatements": [],
            "hazards": [],
            "tobaccoProduct": false,
            "showGoodPriceIcon": true,
            "labels": [
                "keyhole"
            ],
            "seoDescription": "",
            "seoTitle": "",
            "manufacturer": "Garant",
            "incrementValue": 1.0,
            "productBasketType": {
                "code": "ST",
                "type": "ProductBasketTypeEnum"
            },
            "bargainProduct": false,
            "addToCartMessage": "",
            "thumbnail": {
                "imageType": "PRIMARY",
                "format": "thumbnail",
                "url": "https://assets.axfood.se/image/upload/f_auto,t_100/07311041065075_C1L1_s02",
                "altText": null,
                "galleryIndex": null,
                "width": null
            },
            "outOfStock": false,
            "online": true,
            "displayVolume": "250g",
            "addToCartDisabled": false,
            "name": "Sojabönor Frysta",
            "code": "101152404_ST"
        },
        {
            "potentialPromotions": [
                {
                    "threshold": null,
                    "applied": false,
                    "campaignType": "GENERAL",
                    "offerStatus": null,
                    "productCodes": [
                        "101343679_ST",
                        "101343680_ST",
                        "101343681_ST",
                        "101343682_ST",
                        "101343683_ST"
                    ],
                    "promotionTheme": {
                        "code": "Z019",
                        "visible": null
                    },
                    "textLabelGenerated": "Alltid bra pris!",
                    "textLabelManual": null,
                    "lowestHistoricalPrice": null,
                    "price": {
                        "currencyIso": "SEK",
                        "value": 10.0,
                        "priceType": "BUY",
                        "formattedValue": "10,00 kr",
                        "minQuantity": null,
                        "maxQuantity": null
                    },
                    "promotionType": "MixMatchPricePromotion",
                    "conditionLabel": "2 för",
                    "rewardLabel": "20 kr",
                    "textLabel": "Alltid bra pris!",
                    "redeemLimitLabel": "",
                    "cartLabel": null,
                    "validUntil": null,
                    "timesUsed": null,
                    "qualifyingCount": 2,
                    "comparePrice": "200,00 kr",
                    "splashTitleText": "Alltid bra pris",
                    "realMixAndMatch": true,
                    "mainProductCode": "101343679_ST",
                    "conditionLabelFormatted": "",
                    "promotionRedeemLimit": null,
                    "promotionPercentage": null,
                    "cartLabelFormatted": "",
                    "priority": 208,
                    "code": "10009465177"
                }
            ],
            "inactivePotentialPromotions": [],
            "priceValue": 11.95,
            "price": "11,95 kr",
            "image": {
                "imageType": "PRIMARY",
                "format": "product",
                "url": "https://assets.axfood.se/image/upload/f_auto,t_200/07340083490538_C1L1_s01",
                "altText": null,
                "galleryIndex": null,
                "width": null
            },
            "ranking": 20.9110901527442,
            "depositPrice": "",
            "averageWeight": null,
            "comparePrice": "239,00 kr",
            "comparePriceUnit": "kg",
            "isDrugProduct": false,
            "solrSearchScore": 0.7614262700080872,
            "energyDeclaration": null,
            "newsSplashProduct": false,
            "notAllowedB2b": false,
            "notAllowedAnonymous": false,
            "productLine2": "GARANT, 50g",
            "pickupProductLine2": "GARANT, 50g",
            "priceUnit": "kr/st",
            "priceNoUnit": "11,95",
            "savingsAmount": 3.9,
            "googleAnalyticsCategory": "fryst|gronsaker|gronsaker-och-rotfrukter",
            "gdprTrackingIncompliant": false,
            "nicotineMedicalProduct": false,
            "tobaccoFreeNicotineProduct": false,
            "nonEkoProduct": false,
            "precautionaryStatements": [],
            "hazards": [],
            "tobaccoProduct": false,
            "showGoodPriceIcon": true,
            "labels": [
                "keyhole"
            ],
            "seoDescription": "",
            "seoTitle": "",
            "manufacturer": "Garant",
            "incrementValue": 1.0,
            "productBasketType": {
                "code": "ST",
                "type": "ProductBasketTypeEnum"
            },
            "bargainProduct": false,
            "addToCartMessage": "",
            "thumbnail": {
                "imageType": "PRIMARY",
                "format": "thumbnail",
                "url": "https://assets.axfood.se/image/upload/f_auto,t_100/07340083490538_C1L1_s01",
                "altText": null,
                "galleryIndex": null,
                "width": null
            },
            "outOfStock": false,
            "online": true,
            "displayVolume": "50g",
            "addToCartDisabled": false,
            "name": "Basilika Finhackad Fryst",
            "code": "101343679_ST"
        },
        {
            "potentialPromotions": [
                {
                    "threshold": null,
                    "applied": false,
                    "campaignType": "GENERAL",
                    "offerStatus": null,
                    "productCodes": [
                        "101302035_ST"
                    ],
                    "promotionTheme": {
                        "code": "Z019",
                        "visible": null
                    },
                    "textLabelGenerated": "Alltid bra pris!",
                    "textLabelManual": null,
                    "lowestHistoricalPrice": null,
                    "price": {
                        "currencyIso": "SEK",
                        "value": 27.5,
                        "priceType": "BUY",
                        "formattedValue": "27,50 kr",
                        "minQuantity": null,
                        "maxQuantity": null
                    },
                    "promotionType": "MixMatchPricePromotion",
                    "conditionLabel": "2 för",
                    "rewardLabel": "55 kr",
                    "textLabel": "Alltid bra pris!",
                    "redeemLimitLabel": "",
                    "cartLabel": null,
                    "validUntil": null,
                    "timesUsed": null,
                    "qualifyingCount": 2,
                    "comparePrice": "122,22 kr",
                    "splashTitleText": "Alltid bra pris",
                    "realMixAndMatch": false,
                    "mainProductCode": "101302035_ST",
                    "conditionLabelFormatted": "",
                    "promotionRedeemLimit": null,
                    "promotionPercentage": null,
                    "cartLabelFormatted": "",
                    "priority": 208,
                    "code": "10009465175"
                }
            ],
            "inactivePotentialPromotions": [],
            "priceValue": 29.95,
            "price": "29,95 kr",
            "image": {
                "imageType": "PRIMARY",
                "format": "product",
                "url": "https://assets.axfood.se/image/upload/f_auto,t_200/07340083478321_C1L1_s01",
                "altText": null,
                "galleryIndex": null,
                "width": null
            },
            "ranking": 20.911090149467398,
            "depositPrice": "",
            "averageWeight": null,
            "comparePrice": "133,11 kr",
            "comparePriceUnit": "kg",
            "isDrugProduct": false,
            "solrSearchScore": 0.7614262700080872,
            "energyDeclaration": null,
            "newsSplashProduct": false,
            "notAllowedB2b": false,
            "notAllowedAnonymous": false,
            "productLine2": "GARANT, 225g",
            "pickupProductLine2": "GARANT, 225g",
            "priceUnit": "kr/st",
            "priceNoUnit": "29,95",
            "savingsAmount": 4.9,
            "googleAnalyticsCategory": "frukt-och-gront|bar|frysta-bar",
            "gdprTrackingIncompliant": false,
            "nicotineMedicalProduct": false,
            "tobaccoFreeNicotineProduct": false,
            "nonEkoProduct": false,
            "precautionaryStatements": [],
            "hazards": [],
            "tobaccoProduct": false,
            "showGoodPriceIcon": true,
            "labels": [
                "keyhole"
            ],
            "seoDescription": "",
            "seoTitle": "",
            "manufacturer": "Garant",
            "incrementValue": 1.0,
            "productBasketType": {
                "code": "ST",
                "type": "ProductBasketTypeEnum"
            },
            "bargainProduct": false,
            "addToCartMessage": "",
            "thumbnail": {
                "imageType": "PRIMARY",
                "format": "thumbnail",
                "url": "https://assets.axfood.se/image/upload/f_auto,t_100/07340083478321_C1L1_s01",
                "altText": null,
                "galleryIndex": null,
                "width": null
            },
            "outOfStock": false,
            "online": true,
            "displayVolume": "225g",
            "addToCartDisabled": false,
            "name": "Hallon Frysta",
            "code": "101302035_ST"
        },
        {
            "potentialPromotions": [
                {
                    "threshold": null,
                    "applied": false,
                    "campaignType": "GENERAL",
                    "offerStatus": null,
                    "productCodes": [
                        "101260474_ST",
                        "101260475_ST",
                        "101260476_ST",
                        "101260528_ST"
                    ],
                    "promotionTheme": {
                        "code": "Z019",
                        "visible": null
                    },
                    "textLabelGenerated": "Alltid bra pris!",
                    "textLabelManual": null,
                    "lowestHistoricalPrice": null,
                    "price": {
                        "currencyIso": "SEK",
                        "value": 16.0,
                        "priceType": "BUY",
                        "formattedValue": "16,00 kr",
                        "minQuantity": null,
                        "maxQuantity": null
                    },
                    "promotionType": "MixMatchPricePromotion",
                    "conditionLabel": "2 för",
                    "rewardLabel": "32 kr",
                    "textLabel": "Alltid bra pris!",
                    "redeemLimitLabel": "",
                    "cartLabel": null,
                    "validUntil": null,
                    "timesUsed": null,
                    "qualifyingCount": 2,
                    "comparePrice": "32,00 kr",
                    "splashTitleText": "Alltid bra pris",
                    "realMixAndMatch": true,
                    "mainProductCode": "101260474_ST",
                    "conditionLabelFormatted": "",
                    "promotionRedeemLimit": null,
                    "promotionPercentage": null,
                    "cartLabelFormatted": "",
                    "priority": 208,
                    "code": "10009465174"
                }
            ],
            "inactivePotentialPromotions": [],
            "priceValue": 17.95,
            "price": "17,95 kr",
            "image": {
                "imageType": "PRIMARY",
                "format": "product",
                "url": "https://assets.axfood.se/image/upload/f_auto,t_200/07340083454332_C1N1_s01",
                "altText": null,
                "galleryIndex": null,
                "width": null
            },
            "ranking": 20.9110901461906,
            "depositPrice": "",
            "averageWeight": null,
            "comparePrice": "35,90 kr",
            "comparePriceUnit": "kg",
            "isDrugProduct": false,
            "solrSearchScore": 0.7614262700080872,
            "energyDeclaration": null,
            "newsSplashProduct": false,
            "notAllowedB2b": false,
            "notAllowedAnonymous": false,
            "productLine2": "GARANT, 500g",
            "pickupProductLine2": "GARANT, 500g",
            "priceUnit": "kr/st",
            "priceNoUnit": "17,95",
            "savingsAmount": 3.9,
            "googleAnalyticsCategory": "skafferi|glutenfritt",
            "gdprTrackingIncompliant": false,
            "nicotineMedicalProduct": false,
            "tobaccoFreeNicotineProduct": false,
            "nonEkoProduct": false,
            "precautionaryStatements": [],
            "hazards": [],
            "tobaccoProduct": false,
            "showGoodPriceIcon": true,
            "labels": [
                "crossed_ax"
            ],
            "seoDescription": "",
            "seoTitle": "",
            "manufacturer": "Garant",
            "incrementValue": 1.0,
            "productBasketType": {
                "code": "ST",
                "type": "ProductBasketTypeEnum"
            },
            "bargainProduct": false,
            "addToCartMessage": "",
            "thumbnail": {
                "imageType": "PRIMARY",
                "format": "thumbnail",
                "url": "https://assets.axfood.se/image/upload/f_auto,t_100/07340083454332_C1N1_s01",
                "altText": null,
                "galleryIndex": null,
                "width": null
            },
            "outOfStock": false,
            "online": true,
            "displayVolume": "500g",
            "addToCartDisabled": false,
            "name": "Spaghetti Majspasta Glutenfri",
            "code": "101260474_ST"
        },
        {
            "potentialPromotions": [
                {
                    "threshold": null,
                    "applied": false,
                    "campaignType": "GENERAL",
                    "offerStatus": null,
                    "productCodes": [
                        "101332229_ST",
                        "101358836_ST",
                        "101358868_ST",
                        "101358869_ST",
                        "101475632_ST",
                        "101548687_ST",
                        "101548708_ST",
                        "101548709_ST",
                        "101548710_ST",
                        "101693214_ST"
                    ],
                    "promotionTheme": {
                        "code": "Z019",
                        "visible": null
                    },
                    "textLabelGenerated": "Alltid bra pris!",
                    "textLabelManual": null,
                    "lowestHistoricalPrice": null,
                    "price": {
                        "currencyIso": "SEK",
                        "value": 14.0,
                        "priceType": "BUY",
                        "formattedValue": "14,00 kr",
                        "minQuantity": null,
                        "maxQuantity": null
                    },
                    "promotionType": "MixMatchPricePromotion",
                    "conditionLabel": "2 för",
                    "rewardLabel": "28 kr",
                    "textLabel": "Alltid bra pris!",
                    "redeemLimitLabel": "",
                    "cartLabel": null,
                    "validUntil": null,
                    "timesUsed": null,
                    "qualifyingCount": 2,
                    "comparePrice": "28,00 kr",
                    "splashTitleText": "Alltid bra pris",
                    "realMixAndMatch": true,
                    "mainProductCode": "101301623_ST",
                    "conditionLabelFormatted": "",
                    "promotionRedeemLimit": null,
                    "promotionPercentage": null,
                    "cartLabelFormatted": "",
                    "priority": 208,
                    "code": "10009465172"
                }
            ],
            "inactivePotentialPromotions": [],
            "priceValue": 15.95,
            "price": "15,95 kr",
            "image": {
                "imageType": "PRIMARY",
                "format": "product",
                "url": "https://assets.axfood.se/image/upload/f_auto,t_200/07340083486920_C1N1_s02",
                "altText": null,
                "galleryIndex": null,
                "width": null
            },
            "ranking": 20.9110901429138,
            "depositPrice": "",
            "averageWeight": null,
            "comparePrice": "31,90 kr",
            "comparePriceUnit": "kg",
            "isDrugProduct": false,
            "solrSearchScore": 0.7614262700080872,
            "energyDeclaration": null,
            "newsSplashProduct": false,
            "notAllowedB2b": false,
            "notAllowedAnonymous": false,
            "productLine2": "GARANT, 500g",
            "pickupProductLine2": "GARANT, 500g",
            "priceUnit": "kr/st",
            "priceNoUnit": "15,95",
            "savingsAmount": 3.9,
            "googleAnalyticsCategory": "skafferi|kryddor-och-smaksattare|saser",
            "gdprTrackingIncompliant": false,
            "nicotineMedicalProduct": false,
            "tobaccoFreeNicotineProduct": false,
            "nonEkoProduct": false,
            "precautionaryStatements": [],
            "hazards": [],
            "tobaccoProduct": false,
            "showGoodPriceIcon": true,
            "labels": [],
            "seoDescription": "",
            "seoTitle": "",
            "manufacturer": "Garant",
            "incrementValue": 1.0,
            "productBasketType": {
                "code": "ST",
                "type": "ProductBasketTypeEnum"
            },
            "bargainProduct": false,
            "addToCartMessage": "",
            "thumbnail": {
                "imageType": "PRIMARY",
                "format": "thumbnail",
                "url": "https://assets.axfood.se/image/upload/f_auto,t_100/07340083486920_C1N1_s02",
                "altText": null,
                "galleryIndex": null,
                "width": null
            },
            "outOfStock": false,
            "online": true,
            "displayVolume": "500g",
            "addToCartDisabled": false,
            "name": "Fusilli Tricolore Pasta",
            "code": "101332229_ST"
        },
        {
            "potentialPromotions": [
                {
                    "threshold": null,
                    "applied": false,
                    "campaignType": "GENERAL",
                    "offerStatus": null,
                    "productCodes": [
                        "101336767_ST",
                        "101336859_ST",
                        "101336860_ST"
                    ],
                    "promotionTheme": {
                        "code": "Z019",
                        "visible": null
                    },
                    "textLabelGenerated": "Alltid bra pris!",
                    "textLabelManual": null,
                    "lowestHistoricalPrice": null,
                    "price": {
                        "currencyIso": "SEK",
                        "value": 9.0,
                        "priceType": "BUY",
                        "formattedValue": "9,00 kr",
                        "minQuantity": null,
                        "maxQuantity": null
                    },
                    "promotionType": "MixMatchPricePromotion",
                    "conditionLabel": "2 för",
                    "rewardLabel": "18 kr",
                    "textLabel": "Alltid bra pris!",
                    "redeemLimitLabel": "",
                    "cartLabel": null,
                    "validUntil": null,
                    "timesUsed": null,
                    "qualifyingCount": 2,
                    "comparePrice": "300,00 kr",
                    "splashTitleText": "Alltid bra pris",
                    "realMixAndMatch": true,
                    "mainProductCode": "101336767_ST",
                    "conditionLabelFormatted": "",
                    "promotionRedeemLimit": null,
                    "promotionPercentage": null,
                    "cartLabelFormatted": "",
                    "priority": 208,
                    "code": "10009465171"
                }
            ],
            "inactivePotentialPromotions": [],
            "priceValue": 10.95,
            "price": "10,95 kr",
            "image": {
                "imageType": "PRIMARY",
                "format": "product",
                "url": "https://assets.axfood.se/image/upload/f_auto,t_200/07340083487965_C1N1_s02",
                "altText": null,
                "galleryIndex": null,
                "width": null
            },
            "ranking": 20.911090139637,
            "depositPrice": "",
            "averageWeight": null,
            "comparePrice": "365,00 kr",
            "comparePriceUnit": "kg",
            "isDrugProduct": false,
            "solrSearchScore": 0.7614262700080872,
            "energyDeclaration": null,
            "newsSplashProduct": false,
            "notAllowedB2b": false,
            "notAllowedAnonymous": false,
            "productLine2": "GARANT, 30g",
            "pickupProductLine2": "GARANT, 30g",
            "priceUnit": "kr/st",
            "priceNoUnit": "10,95",
            "savingsAmount": 3.9,
            "googleAnalyticsCategory": "skafferi|texmex|kryddmixer-och-saser",
            "gdprTrackingIncompliant": false,
            "nicotineMedicalProduct": false,
            "tobaccoFreeNicotineProduct": false,
            "nonEkoProduct": false,
            "precautionaryStatements": [],
            "hazards": [],
            "tobaccoProduct": false,
            "showGoodPriceIcon": true,
            "labels": [],
            "seoDescription": "",
            "seoTitle": "",
            "manufacturer": "Garant",
            "incrementValue": 1.0,
            "productBasketType": {
                "code": "ST",
                "type": "ProductBasketTypeEnum"
            },
            "bargainProduct": false,
            "addToCartMessage": "",
            "thumbnail": {
                "imageType": "PRIMARY",
                "format": "thumbnail",
                "url": "https://assets.axfood.se/image/upload/f_auto,t_100/07340083487965_C1N1_s02",
                "altText": null,
                "galleryIndex": null,
                "width": null
            },
            "outOfStock": false,
            "online": true,
            "displayVolume": "30g",
            "addToCartDisabled": false,
            "name": "Taco Kryddmix Original",
            "code": "101336767_ST"
        },
        {
            "potentialPromotions": [
                {
                    "threshold": null,
                    "applied": false,
                    "campaignType": "GENERAL",
                    "offerStatus": null,
                    "productCodes": [
                        "101207616_ST",
                        "101207629_ST"
                    ],
                    "promotionTheme": {
                        "code": "Z019",
                        "visible": null
                    },
                    "textLabelGenerated": "Alltid bra pris!",
                    "textLabelManual": null,
                    "lowestHistoricalPrice": null,
                    "price": {
                        "currencyIso": "SEK",
                        "value": 6.666666666666667,
                        "priceType": "BUY",
                        "formattedValue": "6,67 kr",
                        "minQuantity": null,
                        "maxQuantity": null
                    },
                    "promotionType": "MixMatchPricePromotion",
                    "conditionLabel": "3 för",
                    "rewardLabel": "20 kr",
                    "textLabel": "Alltid bra pris!",
                    "redeemLimitLabel": "",
                    "cartLabel": null,
                    "validUntil": null,
                    "timesUsed": null,
                    "qualifyingCount": 3,
                    "comparePrice": "26,67 kr",
                    "splashTitleText": "Alltid bra pris",
                    "realMixAndMatch": true,
                    "mainProductCode": "101207616_ST",
                    "conditionLabelFormatted": "",
                    "promotionRedeemLimit": null,
                    "promotionPercentage": null,
                    "cartLabelFormatted": "",
                    "priority": 208,
                    "code": "10009465170"
                }
            ],
            "inactivePotentialPromotions": [],
            "priceValue": 7.5,
            "price": "7,50 kr",
            "image": {
                "imageType": "PRIMARY",
                "format": "product",
                "url": "https://assets.axfood.se/image/upload/f_auto,t_200/07340083427848_C1L1_s01",
                "altText": null,
                "galleryIndex": null,
                "width": null
            },
            "ranking": 20.9110901363602,
            "depositPrice": "",
            "averageWeight": null,
            "comparePrice": "30,00 kr",
            "comparePriceUnit": "l",
            "isDrugProduct": false,
            "solrSearchScore": 0.7614262700080872,
            "energyDeclaration": null,
            "newsSplashProduct": false,
            "notAllowedB2b": false,
            "notAllowedAnonymous": false,
            "productLine2": "GARANT, 250ml",
            "pickupProductLine2": "GARANT, 250ml",
            "priceUnit": "kr/st",
            "priceNoUnit": "7,50",
            "savingsAmount": 2.499999999999999,
            "googleAnalyticsCategory": "skafferi|soppor-och-kramer|soppa",
            "gdprTrackingIncompliant": false,
            "nicotineMedicalProduct": false,
            "tobaccoFreeNicotineProduct": false,
            "nonEkoProduct": false,
            "precautionaryStatements": [],
            "hazards": [],
            "tobaccoProduct": false,
            "showGoodPriceIcon": true,
            "labels": [],
            "seoDescription": "",
            "seoTitle": "",
            "manufacturer": "Garant",
            "incrementValue": 1.0,
            "productBasketType": {
                "code": "ST",
                "type": "ProductBasketTypeEnum"
            },
            "bargainProduct": false,
            "addToCartMessage": "",
            "thumbnail": {
                "imageType": "PRIMARY",
                "format": "thumbnail",
                "url": "https://assets.axfood.se/image/upload/f_auto,t_100/07340083427848_C1L1_s01",
                "altText": null,
                "galleryIndex": null,
                "width": null
            },
            "outOfStock": false,
            "online": true,
            "displayVolume": "250ml",
            "addToCartDisabled": false,
            "name": "Nyponsoppa",
            "code": "101207616_ST"
        },
        {
            "potentialPromotions": [
                {
                    "threshold": null,
                    "applied": false,
                    "campaignType": "GENERAL",
                    "offerStatus": null,
                    "productCodes": [
                        "101255725_ST"
                    ],
                    "promotionTheme": {
                        "code": "Z019",
                        "visible": null
                    },
                    "textLabelGenerated": "Alltid bra pris!",
                    "textLabelManual": null,
                    "lowestHistoricalPrice": null,
                    "price": {
                        "currencyIso": "SEK",
                        "value": 27.5,
                        "priceType": "BUY",
                        "formattedValue": "27,50 kr",
                        "minQuantity": null,
                        "maxQuantity": null
                    },
                    "promotionType": "MixMatchPricePromotion",
                    "conditionLabel": "2 för",
                    "rewardLabel": "55 kr",
                    "textLabel": "Alltid bra pris!",
                    "redeemLimitLabel": "",
                    "cartLabel": null,
                    "validUntil": null,
                    "timesUsed": null,
                    "qualifyingCount": 2,
                    "comparePrice": "1,10 kr",
                    "splashTitleText": "Alltid bra pris",
                    "realMixAndMatch": false,
                    "mainProductCode": "101255725_ST",
                    "conditionLabelFormatted": "",
                    "promotionRedeemLimit": null,
                    "promotionPercentage": null,
                    "cartLabelFormatted": "",
                    "priority": 208,
                    "code": "10009465167"
                }
            ],
            "inactivePotentialPromotions": [],
            "priceValue": 32.95,
            "price": "32,95 kr",
            "image": {
                "imageType": "PRIMARY",
                "format": "product",
                "url": "https://assets.axfood.se/image/upload/f_auto,t_200/07340083452482_C1L1_s01",
                "altText": null,
                "galleryIndex": null,
                "width": null
            },
            "ranking": 20.9110901330834,
            "depositPrice": "",
            "averageWeight": null,
            "comparePrice": "1,32 kr",
            "comparePriceUnit": "st",
            "isDrugProduct": false,
            "solrSearchScore": 0.7614262700080872,
            "energyDeclaration": null,
            "newsSplashProduct": false,
            "notAllowedB2b": false,
            "notAllowedAnonymous": false,
            "productLine2": "FIXA, 30l/25st",
            "pickupProductLine2": "FIXA, 30l/25st",
            "priceUnit": "kr/st",
            "priceNoUnit": "32,95",
            "savingsAmount": 10.9,
            "googleAnalyticsCategory": "hem-och-hushall|stad|stadutrustning",
            "gdprTrackingIncompliant": false,
            "nicotineMedicalProduct": false,
            "tobaccoFreeNicotineProduct": false,
            "nonEkoProduct": false,
            "precautionaryStatements": [],
            "hazards": [],
            "tobaccoProduct": false,
            "showGoodPriceIcon": true,
            "labels": [],
            "seoDescription": "",
            "seoTitle": "",
            "manufacturer": "Fixa",
            "incrementValue": 1.0,
            "productBasketType": {
                "code": "ST",
                "type": "ProductBasketTypeEnum"
            },
            "bargainProduct": false,
            "addToCartMessage": "",
            "thumbnail": {
                "imageType": "PRIMARY",
                "format": "thumbnail",
                "url": "https://assets.axfood.se/image/upload/f_auto,t_100/07340083452482_C1L1_s01",
                "altText": null,
                "galleryIndex": null,
                "width": null
            },
            "outOfStock": false,
            "online": true,
            "displayVolume": "30l/25st",
            "addToCartDisabled": false,
            "name": "Avfallspåse Rosa/turkos/lila Extra Starka",
            "code": "101255725_ST"
        },
        {
            "potentialPromotions": [
                {
                    "threshold": null,
                    "applied": false,
                    "campaignType": "GENERAL",
                    "offerStatus": null,
                    "productCodes": [
                        "101318423_ST",
                        "101318424_ST",
                        "101318425_ST"
                    ],
                    "promotionTheme": {
                        "code": "Z019",
                        "visible": null
                    },
                    "textLabelGenerated": "Alltid bra pris!",
                    "textLabelManual": null,
                    "lowestHistoricalPrice": null,
                    "price": {
                        "currencyIso": "SEK",
                        "value": 17.0,
                        "priceType": "BUY",
                        "formattedValue": "17,00 kr",
                        "minQuantity": null,
                        "maxQuantity": null
                    },
                    "promotionType": "MixMatchPricePromotion",
                    "conditionLabel": "2 för",
                    "rewardLabel": "34 kr",
                    "textLabel": "Alltid bra pris!",
                    "redeemLimitLabel": "",
                    "cartLabel": null,
                    "validUntil": null,
                    "timesUsed": null,
                    "qualifyingCount": 2,
                    "comparePrice": "17,00 kr",
                    "splashTitleText": "Alltid bra pris",
                    "realMixAndMatch": true,
                    "mainProductCode": "101318423_ST",
                    "conditionLabelFormatted": "",
                    "promotionRedeemLimit": null,
                    "promotionPercentage": null,
                    "cartLabelFormatted": "",
                    "priority": 208,
                    "code": "10009465162"
                }
            ],
            "inactivePotentialPromotions": [],
            "priceValue": 19.95,
            "price": "19,95 kr",
            "image": {
                "imageType": "PRIMARY",
                "format": "product",
                "url": "https://assets.axfood.se/image/upload/f_auto,t_200/07340083482021_C1N1_s01",
                "altText": null,
                "galleryIndex": null,
                "width": null
            },
            "ranking": 20.9110901298066,
            "depositPrice": "",
            "averageWeight": null,
            "comparePrice": "19,95 kr",
            "comparePriceUnit": "st",
            "isDrugProduct": false,
            "solrSearchScore": 0.7614262700080872,
            "energyDeclaration": null,
            "newsSplashProduct": false,
            "notAllowedB2b": false,
            "notAllowedAnonymous": false,
            "productLine2": "FIXA, 1 par",
            "pickupProductLine2": "FIXA, 1 par",
            "priceUnit": "kr/st",
            "priceNoUnit": "19,95",
            "savingsAmount": 5.9,
            "googleAnalyticsCategory": "",
            "gdprTrackingIncompliant": false,
            "nicotineMedicalProduct": false,
            "tobaccoFreeNicotineProduct": false,
            "nonEkoProduct": false,
            "precautionaryStatements": [],
            "hazards": [],
            "tobaccoProduct": false,
            "showGoodPriceIcon": true,
            "labels": [],
            "seoDescription": "",
            "seoTitle": "",
            "manufacturer": "Fixa",
            "incrementValue": 1.0,
            "productBasketType": {
                "code": "ST",
                "type": "ProductBasketTypeEnum"
            },
            "bargainProduct": false,
            "addToCartMessage": "",
            "thumbnail": {
                "imageType": "PRIMARY",
                "format": "thumbnail",
                "url": "https://assets.axfood.se/image/upload/f_auto,t_100/07340083482021_C1N1_s01",
                "altText": null,
                "galleryIndex": null,
                "width": null
            },
            "outOfStock": false,
            "online": true,
            "displayVolume": "1 par",
            "addToCartDisabled": false,
            "name": "Gummihandskar Small",
            "code": "101318423_ST"
        },
        {
            "potentialPromotions": [
                {
                    "threshold": null,
                    "applied": false,
                    "campaignType": "GENERAL",
                    "offerStatus": null,
                    "productCodes": [
                        "101274593_ST"
                    ],
                    "promotionTheme": {
                        "code": "Z019",
                        "visible": null
                    },
                    "textLabelGenerated": "Alltid bra pris!",
                    "textLabelManual": null,
                    "lowestHistoricalPrice": null,
                    "price": {
                        "currencyIso": "SEK",
                        "value": 7.0,
                        "priceType": "BUY",
                        "formattedValue": "7,00 kr",
                        "minQuantity": null,
                        "maxQuantity": null
                    },
                    "promotionType": "MixMatchPricePromotion",
                    "conditionLabel": "4 för",
                    "rewardLabel": "28 kr",
                    "textLabel": "Alltid bra pris!",
                    "redeemLimitLabel": "",
                    "cartLabel": null,
                    "validUntil": null,
                    "timesUsed": null,
                    "qualifyingCount": 4,
                    "comparePrice": "21,21 kr",
                    "splashTitleText": "Alltid bra pris",
                    "realMixAndMatch": false,
                    "mainProductCode": "101274593_ST",
                    "conditionLabelFormatted": "",
                    "promotionRedeemLimit": null,
                    "promotionPercentage": null,
                    "cartLabelFormatted": "",
                    "priority": 208,
                    "code": "10009465161"
                }
            ],
            "inactivePotentialPromotions": [],
            "priceValue": 7.95,
            "price": "7,95 kr",
            "image": {
                "imageType": "PRIMARY",
                "format": "product",
                "url": "https://assets.axfood.se/image/upload/f_auto,t_200/07611612501552_C1C1_s01",
                "altText": null,
                "galleryIndex": null,
                "width": null
            },
            "ranking": 20.9110901265298,
            "depositPrice": "1,00 kr",
            "averageWeight": null,
            "comparePrice": "24,09 kr",
            "comparePriceUnit": "l",
            "isDrugProduct": false,
            "solrSearchScore": 0.7614262700080872,
            "energyDeclaration": null,
            "newsSplashProduct": false,
            "notAllowedB2b": false,
            "notAllowedAnonymous": false,
            "productLine2": "EMD BRÄU, 33cl",
            "pickupProductLine2": "EMD BRÄU, 33cl",
            "priceUnit": "kr/st",
            "priceNoUnit": "7,95",
            "savingsAmount": 3.8,
            "googleAnalyticsCategory": "dryck|ol-cider-och-vin|alkoholfri-ol-och-lattol",
            "gdprTrackingIncompliant": true,
            "nicotineMedicalProduct": false,
            "tobaccoFreeNicotineProduct": false,
            "nonEkoProduct": false,
            "precautionaryStatements": [],
            "hazards": [],
            "tobaccoProduct": false,
            "showGoodPriceIcon": true,
            "labels": [],
            "seoDescription": "",
            "seoTitle": "",
            "manufacturer": "Emd Bräu",
            "incrementValue": 1.0,
            "productBasketType": {
                "code": "ST",
                "type": "ProductBasketTypeEnum"
            },
            "bargainProduct": false,
            "addToCartMessage": "",
            "thumbnail": {
                "imageType": "PRIMARY",
                "format": "thumbnail",
                "url": "https://assets.axfood.se/image/upload/f_auto,t_100/07611612501552_C1C1_s01",
                "altText": null,
                "galleryIndex": null,
                "width": null
            },
            "outOfStock": false,
            "online": true,
            "displayVolume": "33cl",
            "addToCartDisabled": false,
            "name": "Ljus Lager Non Alcoholic 0.0% Alkfri Burk",
            "code": "101274593_ST"
        },
        {
            "potentialPromotions": [
                {
                    "threshold": null,
                    "applied": false,
                    "campaignType": "GENERAL",
                    "offerStatus": null,
                    "productCodes": [
                        "101195056_ST"
                    ],
                    "promotionTheme": {
                        "code": "Z019",
                        "visible": null
                    },
                    "textLabelGenerated": "Alltid bra pris!",
                    "textLabelManual": null,
                    "lowestHistoricalPrice": null,
                    "price": {
                        "currencyIso": "SEK",
                        "value": 20.0,
                        "priceType": "BUY",
                        "formattedValue": "20,00 kr",
                        "minQuantity": null,
                        "maxQuantity": null
                    },
                    "promotionType": "MixMatchPricePromotion",
                    "conditionLabel": "2 för",
                    "rewardLabel": "40 kr",
                    "textLabel": "Alltid bra pris!",
                    "redeemLimitLabel": "",
                    "cartLabel": null,
                    "validUntil": null,
                    "timesUsed": null,
                    "qualifyingCount": 2,
                    "comparePrice": "0,13 kr",
                    "splashTitleText": "Alltid bra pris",
                    "realMixAndMatch": false,
                    "mainProductCode": "101195056_ST",
                    "conditionLabelFormatted": "",
                    "promotionRedeemLimit": null,
                    "promotionPercentage": null,
                    "cartLabelFormatted": "",
                    "priority": 208,
                    "code": "10009465153"
                }
            ],
            "inactivePotentialPromotions": [],
            "priceValue": 21.95,
            "price": "21,95 kr",
            "image": {
                "imageType": "PRIMARY",
                "format": "product",
                "url": "https://assets.axfood.se/image/upload/f_auto,t_200/07340083401633_C1L1_s01",
                "altText": null,
                "galleryIndex": null,
                "width": null
            },
            "ranking": 20.911090123253,
            "depositPrice": "",
            "averageWeight": null,
            "comparePrice": "0,15 kr",
            "comparePriceUnit": "st",
            "isDrugProduct": false,
            "solrSearchScore": 0.7614262700080872,
            "energyDeclaration": null,
            "newsSplashProduct": false,
            "notAllowedB2b": false,
            "notAllowedAnonymous": false,
            "productLine2": "ELDORADO, 150p",
            "pickupProductLine2": "ELDORADO, 150p",
            "priceUnit": "kr/st",
            "priceNoUnit": "21,95",
            "savingsAmount": 3.9,
            "googleAnalyticsCategory": "halsa-och-skonhet|kroppsvard|nasdukar-och-bomull",
            "gdprTrackingIncompliant": false,
            "nicotineMedicalProduct": false,
            "tobaccoFreeNicotineProduct": false,
            "nonEkoProduct": false,
            "precautionaryStatements": [],
            "hazards": [],
            "tobaccoProduct": false,
            "showGoodPriceIcon": true,
            "labels": [],
            "seoDescription": "",
            "seoTitle": "",
            "manufacturer": "Eldorado",
            "incrementValue": 1.0,
            "productBasketType": {
                "code": "ST",
                "type": "ProductBasketTypeEnum"
            },
            "bargainProduct": false,
            "addToCartMessage": "",
            "thumbnail": {
                "imageType": "PRIMARY",
                "format": "thumbnail",
                "url": "https://assets.axfood.se/image/upload/f_auto,t_100/07340083401633_C1L1_s01",
                "altText": null,
                "galleryIndex": null,
                "width": null
            },
            "outOfStock": false,
            "online": true,
            "displayVolume": "150p",
            "addToCartDisabled": false,
            "name": "Ansiktsservett",
            "code": "101195056_ST"
        },
        {
            "potentialPromotions": [
                {
                    "threshold": null,
                    "applied": false,
                    "campaignType": "GENERAL",
                    "offerStatus": null,
                    "productCodes": [
                        "101267427_ST",
                        "101267518_ST",
                        "101267519_ST",
                        "101267520_ST",
                        "101267521_ST"
                    ],
                    "promotionTheme": {
                        "code": "Z019",
                        "visible": null
                    },
                    "textLabelGenerated": "Alltid bra pris!",
                    "textLabelManual": null,
                    "lowestHistoricalPrice": null,
                    "price": {
                        "currencyIso": "SEK",
                        "value": 18.0,
                        "priceType": "BUY",
                        "formattedValue": "18,00 kr",
                        "minQuantity": null,
                        "maxQuantity": null
                    },
                    "promotionType": "MixMatchPricePromotion",
                    "conditionLabel": "2 för",
                    "rewardLabel": "36 kr",
                    "textLabel": "Alltid bra pris!",
                    "redeemLimitLabel": "",
                    "cartLabel": null,
                    "validUntil": null,
                    "timesUsed": null,
                    "qualifyingCount": 2,
                    "comparePrice": "56,25 kr",
                    "splashTitleText": "Alltid bra pris",
                    "realMixAndMatch": true,
                    "mainProductCode": "101267427_ST",
                    "conditionLabelFormatted": "",
                    "promotionRedeemLimit": null,
                    "promotionPercentage": null,
                    "cartLabelFormatted": "",
                    "priority": 208,
                    "code": "10009465099"
                }
            ],
            "inactivePotentialPromotions": [],
            "priceValue": 20.95,
            "price": "20,95 kr",
            "image": {
                "imageType": "PRIMARY",
                "format": "product",
                "url": "https://assets.axfood.se/image/upload/f_auto,t_200/07340083458507_C1N1_s02",
                "altText": null,
                "galleryIndex": null,
                "width": null
            },
            "ranking": 20.9110901199762,
            "depositPrice": "",
            "averageWeight": null,
            "comparePrice": "65,47 kr",
            "comparePriceUnit": "l",
            "isDrugProduct": false,
            "solrSearchScore": 0.7614262700080872,
            "energyDeclaration": null,
            "newsSplashProduct": false,
            "notAllowedB2b": false,
            "notAllowedAnonymous": false,
            "productLine2": "ELDORADO, 320ml",
            "pickupProductLine2": "ELDORADO, 320ml",
            "priceUnit": "kr/st",
            "priceNoUnit": "20,95",
            "savingsAmount": 5.9,
            "googleAnalyticsCategory": "skafferi|kryddor-och-smaksattare|saser",
            "gdprTrackingIncompliant": false,
            "nicotineMedicalProduct": false,
            "tobaccoFreeNicotineProduct": false,
            "nonEkoProduct": false,
            "precautionaryStatements": [],
            "hazards": [],
            "tobaccoProduct": false,
            "showGoodPriceIcon": true,
            "labels": [],
            "seoDescription": "",
            "seoTitle": "",
            "manufacturer": "Eldorado",
            "incrementValue": 1.0,
            "productBasketType": {
                "code": "ST",
                "type": "ProductBasketTypeEnum"
            },
            "bargainProduct": false,
            "addToCartMessage": "",
            "thumbnail": {
                "imageType": "PRIMARY",
                "format": "thumbnail",
                "url": "https://assets.axfood.se/image/upload/f_auto,t_100/07340083458507_C1N1_s02",
                "altText": null,
                "galleryIndex": null,
                "width": null
            },
            "outOfStock": false,
            "online": true,
            "displayVolume": "320ml",
            "addToCartDisabled": false,
            "name": "Curry Mangosås",
            "code": "101267427_ST"
        },
        {
            "potentialPromotions": [
                {
                    "threshold": null,
                    "applied": false,
                    "campaignType": "GENERAL",
                    "offerStatus": null,
                    "productCodes": [
                        "100724227_ST",
                        "100725244_ST",
                        "100725306_ST",
                        "100725663_ST",
                        "100725887_ST",
                        "100726065_ST",
                        "100726083_ST",
                        "100726109_ST",
                        "100726369_ST",
                        "100726421_ST",
                        "101165123_ST",
                        "101186666_ST",
                        "101197951_ST",
                        "101197952_ST",
                        "101197953_ST",
                        "101197959_ST",
                        "101197960_ST",
                        "101197966_ST",
                        "101197969_ST",
                        "101197991_ST",
                        "101202960_ST",
                        "101202975_ST",
                        "101231716_ST",
                        "101231778_ST",
                        "101231779_ST",
                        "101273454_ST",
                        "101273569_ST",
                        "101308205_ST",
                        "101667240_ST",
                        "101667241_ST",
                        "101667242_ST",
                        "101667243_ST",
                        "101667244_ST"
                    ],
                    "promotionTheme": {
                        "code": "Z019",
                        "visible": null
                    },
                    "textLabelGenerated": "Alltid bra pris!",
                    "textLabelManual": null,
                    "lowestHistoricalPrice": null,
                    "price": {
                        "currencyIso": "SEK",
                        "value": 17.5,
                        "priceType": "BUY",
                        "formattedValue": "17,50 kr",
                        "minQuantity": null,
                        "maxQuantity": null
                    },
                    "promotionType": "MixMatchPricePromotion",
                    "conditionLabel": "2 för",
                    "rewardLabel": "35 kr",
                    "textLabel": "Alltid bra pris!",
                    "redeemLimitLabel": "",
                    "cartLabel": null,
                    "validUntil": null,
                    "timesUsed": null,
                    "qualifyingCount": 2,
                    "comparePrice": "350,00 kr",
                    "splashTitleText": "Alltid bra pris",
                    "realMixAndMatch": true,
                    "mainProductCode": "100724227_ST",
                    "conditionLabelFormatted": "",
                    "promotionRedeemLimit": null,
                    "promotionPercentage": null,
                    "cartLabelFormatted": "",
                    "priority": 208,
                    "code": "10009465098"
                }
            ],
            "inactivePotentialPromotions": [],
            "priceValue": 19.95,
            "price": "19,95 kr",
            "image": {
                "imageType": "PRIMARY",
                "format": "product",
                "url": "https://assets.axfood.se/image/upload/f_auto,t_200/07311041034293_C1N1_s01",
                "altText": null,
                "galleryIndex": null,
                "width": null
            },
            "ranking": 20.9110901166994,
            "depositPrice": "",
            "averageWeight": null,
            "comparePrice": "399,00 kr",
            "comparePriceUnit": "kg",
            "isDrugProduct": false,
            "solrSearchScore": 0.7614262700080872,
            "energyDeclaration": null,
            "newsSplashProduct": false,
            "notAllowedB2b": false,
            "notAllowedAnonymous": false,
            "productLine2": "ELDORADO, 50g",
            "pickupProductLine2": "ELDORADO, 50g",
            "priceUnit": "kr/st",
            "priceNoUnit": "19,95",
            "savingsAmount": 4.9,
            "googleAnalyticsCategory": "skafferi|kryddor-och-smaksattare|kryddor",
            "gdprTrackingIncompliant": false,
            "nicotineMedicalProduct": false,
            "tobaccoFreeNicotineProduct": false,
            "nonEkoProduct": false,
            "precautionaryStatements": [],
            "hazards": [],
            "tobaccoProduct": false,
            "showGoodPriceIcon": true,
            "labels": [],
            "seoDescription": "",
            "seoTitle": "",
            "manufacturer": "Eldorado",
            "incrementValue": 1.0,
            "productBasketType": {
                "code": "ST",
                "type": "ProductBasketTypeEnum"
            },
            "bargainProduct": false,
            "addToCartMessage": "",
            "thumbnail": {
                "imageType": "PRIMARY",
                "format": "thumbnail",
                "url": "https://assets.axfood.se/image/upload/f_auto,t_100/07311041034293_C1N1_s01",
                "altText": null,
                "galleryIndex": null,
                "width": null
            },
            "outOfStock": false,
            "online": true,
            "displayVolume": "50g",
            "addToCartDisabled": false,
            "name": "Kryddpeppar Hel Påse",
            "code": "100724227_ST"
        },
        {
            "potentialPromotions": [
                {
                    "threshold": null,
                    "applied": false,
                    "campaignType": "GENERAL",
                    "offerStatus": null,
                    "productCodes": [
                        "101550183_ST"
                    ],
                    "promotionTheme": {
                        "code": "Z019",
                        "visible": null
                    },
                    "textLabelGenerated": "Alltid bra pris!",
                    "textLabelManual": null,
                    "lowestHistoricalPrice": null,
                    "price": {
                        "currencyIso": "SEK",
                        "value": 22.5,
                        "priceType": "BUY",
                        "formattedValue": "22,50 kr",
                        "minQuantity": null,
                        "maxQuantity": null
                    },
                    "promotionType": "MixMatchPricePromotion",
                    "conditionLabel": "2 för",
                    "rewardLabel": "45 kr",
                    "textLabel": "Alltid bra pris!",
                    "redeemLimitLabel": "",
                    "cartLabel": null,
                    "validUntil": null,
                    "timesUsed": null,
                    "qualifyingCount": 2,
                    "comparePrice": "0,23 kr",
                    "splashTitleText": "Alltid bra pris",
                    "realMixAndMatch": false,
                    "mainProductCode": "101550183_ST",
                    "conditionLabelFormatted": "",
                    "promotionRedeemLimit": null,
                    "promotionPercentage": null,
                    "cartLabelFormatted": "",
                    "priority": 208,
                    "code": "10009465094"
                }
            ],
            "inactivePotentialPromotions": [],
            "priceValue": 24.95,
            "price": "24,95 kr",
            "image": {
                "imageType": "PRIMARY",
                "format": "product",
                "url": "https://assets.axfood.se/image/upload/f_auto,t_200/07311043007332_C1N1_s01",
                "altText": null,
                "galleryIndex": null,
                "width": null
            },
            "ranking": 20.9110901134226,
            "depositPrice": "",
            "averageWeight": null,
            "comparePrice": "0,25 kr",
            "comparePriceUnit": "st",
            "isDrugProduct": false,
            "solrSearchScore": 0.7614262700080872,
            "energyDeclaration": null,
            "newsSplashProduct": false,
            "notAllowedB2b": false,
            "notAllowedAnonymous": false,
            "productLine2": "ELDORADO, 100p",
            "pickupProductLine2": "ELDORADO, 100p",
            "priceUnit": "kr/st",
            "priceNoUnit": "24,95",
            "savingsAmount": 4.9,
            "googleAnalyticsCategory": "barn|blojor|barnvard",
            "gdprTrackingIncompliant": false,
            "nicotineMedicalProduct": false,
            "tobaccoFreeNicotineProduct": false,
            "nonEkoProduct": false,
            "precautionaryStatements": [],
            "hazards": [],
            "tobaccoProduct": false,
            "showGoodPriceIcon": true,
            "labels": [],
            "seoDescription": "",
            "seoTitle": "",
            "manufacturer": "Eldorado",
            "incrementValue": 1.0,
            "productBasketType": {
                "code": "ST",
                "type": "ProductBasketTypeEnum"
            },
            "bargainProduct": false,
            "addToCartMessage": "",
            "thumbnail": {
                "imageType": "PRIMARY",
                "format": "thumbnail",
                "url": "https://assets.axfood.se/image/upload/f_auto,t_100/07311043007332_C1N1_s01",
                "altText": null,
                "galleryIndex": null,
                "width": null
            },
            "outOfStock": false,
            "online": true,
            "displayVolume": "100p",
            "addToCartDisabled": false,
            "name": "Skumtvättlapp",
            "code": "101550183_ST"
        },
        {
            "potentialPromotions": [
                {
                    "threshold": null,
                    "applied": false,
                    "campaignType": "GENERAL",
                    "offerStatus": null,
                    "productCodes": [
                        "101578496_ST"
                    ],
                    "promotionTheme": {
                        "code": "Z019",
                        "visible": null
                    },
                    "textLabelGenerated": "Alltid bra pris!",
                    "textLabelManual": null,
                    "lowestHistoricalPrice": null,
                    "price": {
                        "currencyIso": "SEK",
                        "value": 12.0,
                        "priceType": "BUY",
                        "formattedValue": "12,00 kr",
                        "minQuantity": null,
                        "maxQuantity": null
                    },
                    "promotionType": "MixMatchPricePromotion",
                    "conditionLabel": "2 för",
                    "rewardLabel": "24 kr",
                    "textLabel": "Alltid bra pris!",
                    "redeemLimitLabel": "",
                    "cartLabel": null,
                    "validUntil": null,
                    "timesUsed": null,
                    "qualifyingCount": 2,
                    "comparePrice": "0,48 kr",
                    "splashTitleText": "Alltid bra pris",
                    "realMixAndMatch": true,
                    "mainProductCode": "101499176_ST",
                    "conditionLabelFormatted": "",
                    "promotionRedeemLimit": null,
                    "promotionPercentage": null,
                    "cartLabelFormatted": "",
                    "priority": 208,
                    "code": "10009465087"
                }
            ],
            "inactivePotentialPromotions": [],
            "priceValue": 14.95,
            "price": "14,95 kr",
            "image": {
                "imageType": "PRIMARY",
                "format": "product",
                "url": "https://assets.axfood.se/image/upload/f_auto,t_200/07311043010134_C1N1_s01",
                "altText": null,
                "galleryIndex": null,
                "width": null
            },
            "ranking": 20.9110901101458,
            "depositPrice": "",
            "averageWeight": null,
            "comparePrice": "0,60 kr",
            "comparePriceUnit": "st",
            "isDrugProduct": false,
            "solrSearchScore": 0.7614262700080872,
            "energyDeclaration": null,
            "newsSplashProduct": false,
            "notAllowedB2b": false,
            "notAllowedAnonymous": false,
            "productLine2": "ELDORADO, 25p",
            "pickupProductLine2": "ELDORADO, 25p",
            "priceUnit": "kr/st",
            "priceNoUnit": "14,95",
            "savingsAmount": 5.9,
            "googleAnalyticsCategory": "halsa-och-skonhet|kroppsvard|ansiktsvard-",
            "gdprTrackingIncompliant": false,
            "nicotineMedicalProduct": false,
            "tobaccoFreeNicotineProduct": false,
            "nonEkoProduct": false,
            "precautionaryStatements": [],
            "hazards": [],
            "tobaccoProduct": false,
            "showGoodPriceIcon": true,
            "labels": [],
            "seoDescription": "",
            "seoTitle": "",
            "manufacturer": "Eldorado",
            "incrementValue": 1.0,
            "productBasketType": {
                "code": "ST",
                "type": "ProductBasketTypeEnum"
            },
            "bargainProduct": false,
            "addToCartMessage": "",
            "thumbnail": {
                "imageType": "PRIMARY",
                "format": "thumbnail",
                "url": "https://assets.axfood.se/image/upload/f_auto,t_100/07311043010134_C1N1_s01",
                "altText": null,
                "galleryIndex": null,
                "width": null
            },
            "outOfStock": false,
            "online": true,
            "displayVolume": "25p",
            "addToCartDisabled": false,
            "name": "Milda Avsminkservett",
            "code": "101578496_ST"
        },
        {
            "potentialPromotions": [
                {
                    "threshold": null,
                    "applied": false,
                    "campaignType": "GENERAL",
                    "offerStatus": null,
                    "productCodes": [
                        "101345896_ST"
                    ],
                    "promotionTheme": {
                        "code": "Z019",
                        "visible": null
                    },
                    "textLabelGenerated": "Alltid bra pris!",
                    "textLabelManual": null,
                    "lowestHistoricalPrice": null,
                    "price": {
                        "currencyIso": "SEK",
                        "value": 10.0,
                        "priceType": "BUY",
                        "formattedValue": "10,00 kr",
                        "minQuantity": null,
                        "maxQuantity": null
                    },
                    "promotionType": "MixMatchPricePromotion",
                    "conditionLabel": "2 för",
                    "rewardLabel": "20 kr",
                    "textLabel": "Alltid bra pris!",
                    "redeemLimitLabel": "",
                    "cartLabel": null,
                    "validUntil": null,
                    "timesUsed": null,
                    "qualifyingCount": 2,
                    "comparePrice": "10,00 kr",
                    "splashTitleText": "Alltid bra pris",
                    "realMixAndMatch": false,
                    "mainProductCode": "101345896_ST",
                    "conditionLabelFormatted": "",
                    "promotionRedeemLimit": null,
                    "promotionPercentage": null,
                    "cartLabelFormatted": "",
                    "priority": 208,
                    "code": "10009465084"
                }
            ],
            "inactivePotentialPromotions": [],
            "priceValue": 11.5,
            "price": "11,50 kr",
            "image": {
                "imageType": "PRIMARY",
                "format": "product",
                "url": "https://assets.axfood.se/image/upload/f_auto,t_200/07340083491146_C1N1_s01",
                "altText": null,
                "galleryIndex": null,
                "width": null
            },
            "ranking": 20.911090106869,
            "depositPrice": "",
            "averageWeight": null,
            "comparePrice": "11,50 kr",
            "comparePriceUnit": "st",
            "isDrugProduct": false,
            "solrSearchScore": 0.7614262700080872,
            "energyDeclaration": null,
            "newsSplashProduct": false,
            "notAllowedB2b": false,
            "notAllowedAnonymous": false,
            "productLine2": "ELDORADO, st",
            "pickupProductLine2": "ELDORADO, st",
            "priceUnit": "kr/st",
            "priceNoUnit": "11,50",
            "savingsAmount": 3.0,
            "googleAnalyticsCategory": "hem-och-hushall|tvatt|tvattillbehor",
            "gdprTrackingIncompliant": false,
            "nicotineMedicalProduct": false,
            "tobaccoFreeNicotineProduct": false,
            "nonEkoProduct": false,
            "precautionaryStatements": [],
            "hazards": [],
            "tobaccoProduct": false,
            "showGoodPriceIcon": true,
            "labels": [],
            "seoDescription": "",
            "seoTitle": "",
            "manufacturer": "Eldorado",
            "incrementValue": 1.0,
            "productBasketType": {
                "code": "ST",
                "type": "ProductBasketTypeEnum"
            },
            "bargainProduct": false,
            "addToCartMessage": "",
            "thumbnail": {
                "imageType": "PRIMARY",
                "format": "thumbnail",
                "url": "https://assets.axfood.se/image/upload/f_auto,t_100/07340083491146_C1N1_s01",
                "altText": null,
                "galleryIndex": null,
                "width": null
            },
            "outOfStock": false,
            "online": true,
            "displayVolume": "st",
            "addToCartDisabled": false,
            "name": "Klädvårdsrulle Refill",
            "code": "101345896_ST"
        },
        {
            "potentialPromotions": [
                {
                    "threshold": null,
                    "applied": false,
                    "campaignType": "GENERAL",
                    "offerStatus": null,
                    "productCodes": [
                        "101259156_ST",
                        "101259157_ST",
                        "101259198_ST"
                    ],
                    "promotionTheme": {
                        "code": "Z019",
                        "visible": null
                    },
                    "textLabelGenerated": "Alltid bra pris!",
                    "textLabelManual": null,
                    "lowestHistoricalPrice": null,
                    "price": {
                        "currencyIso": "SEK",
                        "value": 32.5,
                        "priceType": "BUY",
                        "formattedValue": "32,50 kr",
                        "minQuantity": null,
                        "maxQuantity": null
                    },
                    "promotionType": "MixMatchPricePromotion",
                    "conditionLabel": "2 för",
                    "rewardLabel": "65 kr",
                    "textLabel": "Alltid bra pris!",
                    "redeemLimitLabel": "",
                    "cartLabel": null,
                    "validUntil": null,
                    "timesUsed": null,
                    "qualifyingCount": 2,
                    "comparePrice": "36,11 kr",
                    "splashTitleText": "Alltid bra pris",
                    "realMixAndMatch": true,
                    "mainProductCode": "101259156_ST",
                    "conditionLabelFormatted": "",
                    "promotionRedeemLimit": null,
                    "promotionPercentage": null,
                    "cartLabelFormatted": "",
                    "priority": 208,
                    "code": "10009465083"
                }
            ],
            "inactivePotentialPromotions": [],
            "priceValue": 36.95,
            "price": "36,95 kr",
            "image": {
                "imageType": "PRIMARY",
                "format": "product",
                "url": "https://assets.axfood.se/image/upload/f_auto,t_200/07311041081198_C1L1_s03",
                "altText": null,
                "galleryIndex": null,
                "width": null
            },
            "ranking": 20.9110901035922,
            "depositPrice": "",
            "averageWeight": null,
            "comparePrice": "41,06 kr",
            "comparePriceUnit": "l",
            "isDrugProduct": false,
            "solrSearchScore": 0.7614262700080872,
            "energyDeclaration": null,
            "newsSplashProduct": false,
            "notAllowedB2b": false,
            "notAllowedAnonymous": false,
            "productLine2": "DAZZLEY, 0,9l",
            "pickupProductLine2": "DAZZLEY, 0,9l",
            "priceUnit": "kr/st",
            "priceNoUnit": "36,95",
            "savingsAmount": 8.9,
            "googleAnalyticsCategory": "fryst|glass|glasspaket",
            "gdprTrackingIncompliant": false,
            "nicotineMedicalProduct": false,
            "tobaccoFreeNicotineProduct": false,
            "nonEkoProduct": false,
            "precautionaryStatements": [],
            "hazards": [],
            "tobaccoProduct": false,
            "showGoodPriceIcon": true,
            "labels": [
                "rainforest_alliance",
                "environmental_facet"
            ],
            "seoDescription": "",
            "seoTitle": "",
            "manufacturer": "Dazzley",
            "incrementValue": 1.0,
            "productBasketType": {
                "code": "ST",
                "type": "ProductBasketTypeEnum"
            },
            "bargainProduct": false,
            "addToCartMessage": "",
            "thumbnail": {
                "imageType": "PRIMARY",
                "format": "thumbnail",
                "url": "https://assets.axfood.se/image/upload/f_auto,t_100/07311041081198_C1L1_s03",
                "altText": null,
                "galleryIndex": null,
                "width": null
            },
            "outOfStock": false,
            "online": true,
            "displayVolume": "0,9l",
            "addToCartDisabled": false,
            "name": "Banana Split Glass",
            "code": "101259156_ST"
        },
        {
            "potentialPromotions": [
                {
                    "threshold": null,
                    "applied": false,
                    "campaignType": "GENERAL",
                    "offerStatus": null,
                    "productCodes": [
                        "101250650_ST"
                    ],
                    "promotionTheme": {
                        "code": "Z019",
                        "visible": null
                    },
                    "textLabelGenerated": "Alltid bra pris!",
                    "textLabelManual": null,
                    "lowestHistoricalPrice": null,
                    "price": {
                        "currencyIso": "SEK",
                        "value": 12.5,
                        "priceType": "BUY",
                        "formattedValue": "12,50 kr",
                        "minQuantity": null,
                        "maxQuantity": null
                    },
                    "promotionType": "MixMatchPricePromotion",
                    "conditionLabel": "2 för",
                    "rewardLabel": "25 kr",
                    "textLabel": "Alltid bra pris!",
                    "redeemLimitLabel": "",
                    "cartLabel": null,
                    "validUntil": null,
                    "timesUsed": null,
                    "qualifyingCount": 2,
                    "comparePrice": "39,06 kr",
                    "splashTitleText": "Alltid bra pris",
                    "realMixAndMatch": false,
                    "mainProductCode": "101250650_ST",
                    "conditionLabelFormatted": "",
                    "promotionRedeemLimit": null,
                    "promotionPercentage": null,
                    "cartLabelFormatted": "",
                    "priority": 208,
                    "code": "10009465082"
                }
            ],
            "inactivePotentialPromotions": [],
            "priceValue": 13.95,
            "price": "13,95 kr",
            "image": {
                "imageType": "PRIMARY",
                "format": "product",
                "url": "https://assets.axfood.se/image/upload/f_auto,t_200/07611612700092_C1N1_s02",
                "altText": null,
                "galleryIndex": null,
                "width": null
            },
            "ranking": 20.9110901003154,
            "depositPrice": "",
            "averageWeight": null,
            "comparePrice": "43,59 kr",
            "comparePriceUnit": "kg",
            "isDrugProduct": false,
            "solrSearchScore": 0.7614262700080872,
            "energyDeclaration": null,
            "newsSplashProduct": false,
            "notAllowedB2b": false,
            "notAllowedAnonymous": false,
            "productLine2": "BANDEROS, 320g",
            "pickupProductLine2": "BANDEROS, 320g",
            "priceUnit": "kr/st",
            "priceNoUnit": "13,95",
            "savingsAmount": 2.9,
            "googleAnalyticsCategory": "skafferi|texmex|tacoskal-och-brod",
            "gdprTrackingIncompliant": false,
            "nicotineMedicalProduct": false,
            "tobaccoFreeNicotineProduct": false,
            "nonEkoProduct": false,
            "precautionaryStatements": [],
            "hazards": [],
            "tobaccoProduct": false,
            "showGoodPriceIcon": true,
            "labels": [],
            "seoDescription": "",
            "seoTitle": "",
            "manufacturer": "Banderos",
            "incrementValue": 1.0,
            "productBasketType": {
                "code": "ST",
                "type": "ProductBasketTypeEnum"
            },
            "bargainProduct": false,
            "addToCartMessage": "",
            "thumbnail": {
                "imageType": "PRIMARY",
                "format": "thumbnail",
                "url": "https://assets.axfood.se/image/upload/f_auto,t_100/07611612700092_C1N1_s02",
                "altText": null,
                "galleryIndex": null,
                "width": null
            },
            "outOfStock": false,
            "online": true,
            "displayVolume": "320g",
            "addToCartDisabled": false,
            "name": "Tortilla 8-pack",
            "code": "101250650_ST"
        },
        {
            "potentialPromotions": [
                {
                    "threshold": null,
                    "applied": false,
                    "campaignType": "GENERAL",
                    "offerStatus": null,
                    "productCodes": [
                        "101282537_ST",
                        "101282602_ST",
                        "101296188_ST",
                        "101501357_ST",
                        "101670627_ST",
                        "101759033_ST",
                        "101759034_ST",
                        "101759035_ST"
                    ],
                    "promotionTheme": {
                        "code": "Z019",
                        "visible": null
                    },
                    "textLabelGenerated": "Alltid bra pris!",
                    "textLabelManual": null,
                    "lowestHistoricalPrice": null,
                    "price": {
                        "currencyIso": "SEK",
                        "value": 39.0,
                        "priceType": "BUY",
                        "formattedValue": "39,00 kr",
                        "minQuantity": null,
                        "maxQuantity": null
                    },
                    "promotionType": "MixMatchPricePromotion",
                    "conditionLabel": "2 för",
                    "rewardLabel": "78 kr",
                    "textLabel": "Alltid bra pris!",
                    "redeemLimitLabel": "",
                    "cartLabel": null,
                    "validUntil": null,
                    "timesUsed": null,
                    "qualifyingCount": 2,
                    "comparePrice": "104,00 kr",
                    "splashTitleText": "Alltid bra pris",
                    "realMixAndMatch": true,
                    "mainProductCode": "101282537_ST",
                    "conditionLabelFormatted": "",
                    "promotionRedeemLimit": null,
                    "promotionPercentage": null,
                    "cartLabelFormatted": "",
                    "priority": 208,
                    "code": "10009465054"
                }
            ],
            "inactivePotentialPromotions": [],
            "priceValue": 46.95,
            "price": "46,95 kr",
            "image": {
                "imageType": "PRIMARY",
                "format": "product",
                "url": "https://assets.axfood.se/image/upload/f_auto,t_200/07350099111129_C1N1_s03",
                "altText": null,
                "galleryIndex": null,
                "width": null
            },
            "ranking": 20.9110900970386,
            "depositPrice": "",
            "averageWeight": null,
            "comparePrice": "125,20 kr",
            "comparePriceUnit": "kg",
            "isDrugProduct": false,
            "solrSearchScore": 0.7614262700080872,
            "energyDeclaration": null,
            "newsSplashProduct": false,
            "notAllowedB2b": false,
            "notAllowedAnonymous": false,
            "productLine2": "FÄRSKING, 375g",
            "pickupProductLine2": "FÄRSKING, 375g",
            "priceUnit": "kr/st",
            "priceNoUnit": "46,95",
            "savingsAmount": 15.9,
            "googleAnalyticsCategory": "skafferi|flingor-och-musli|musli-crunchy-och-granola",
            "gdprTrackingIncompliant": false,
            "nicotineMedicalProduct": false,
            "tobaccoFreeNicotineProduct": false,
            "nonEkoProduct": false,
            "precautionaryStatements": [],
            "hazards": [],
            "tobaccoProduct": false,
            "showGoodPriceIcon": true,
            "labels": [],
            "seoDescription": "",
            "seoTitle": "",
            "manufacturer": "Färsking",
            "incrementValue": 1.0,
            "productBasketType": {
                "code": "ST",
                "type": "ProductBasketTypeEnum"
            },
            "bargainProduct": false,
            "addToCartMessage": "",
            "thumbnail": {
                "imageType": "PRIMARY",
                "format": "thumbnail",
                "url": "https://assets.axfood.se/image/upload/f_auto,t_100/07350099111129_C1N1_s03",
                "altText": null,
                "galleryIndex": null,
                "width": null
            },
            "outOfStock": false,
            "online": true,
            "displayVolume": "375g",
            "addToCartDisabled": false,
            "name": "Blåbär Jordgub Granola",
            "code": "101282537_ST"
        },
        {
            "potentialPromotions": [
                {
                    "threshold": null,
                    "applied": false,
                    "campaignType": "GENERAL",
                    "offerStatus": null,
                    "productCodes": [
                        "100627582_ST",
                        "101240172_ST",
                        "101240259_ST"
                    ],
                    "promotionTheme": {
                        "code": "Z019",
                        "visible": null
                    },
                    "textLabelGenerated": "Alltid bra pris!",
                    "textLabelManual": null,
                    "lowestHistoricalPrice": null,
                    "price": {
                        "currencyIso": "SEK",
                        "value": 15.0,
                        "priceType": "BUY",
                        "formattedValue": "15,00 kr",
                        "minQuantity": null,
                        "maxQuantity": null
                    },
                    "promotionType": "MixMatchPricePromotion",
                    "conditionLabel": "2 för",
                    "rewardLabel": "30 kr",
                    "textLabel": "Alltid bra pris!",
                    "redeemLimitLabel": "",
                    "cartLabel": null,
                    "validUntil": null,
                    "timesUsed": null,
                    "qualifyingCount": 2,
                    "comparePrice": "30,00 kr",
                    "splashTitleText": "Alltid bra pris",
                    "realMixAndMatch": true,
                    "mainProductCode": "100627582_ST",
                    "conditionLabelFormatted": "",
                    "promotionRedeemLimit": null,
                    "promotionPercentage": null,
                    "cartLabelFormatted": "",
                    "priority": 208,
                    "code": "10009465053"
                }
            ],
            "inactivePotentialPromotions": [],
            "priceValue": 16.95,
            "price": "16,95 kr",
            "image": {
                "imageType": "PRIMARY",
                "format": "product",
                "url": "https://assets.axfood.se/image/upload/f_auto,t_200/07312560031008_C1N1_s02",
                "altText": null,
                "galleryIndex": null,
                "width": null
            },
            "ranking": 20.9110900937618,
            "depositPrice": "",
            "averageWeight": null,
            "comparePrice": "33,90 kr",
            "comparePriceUnit": "kg",
            "isDrugProduct": false,
            "solrSearchScore": 0.7614262700080872,
            "energyDeclaration": null,
            "newsSplashProduct": false,
            "notAllowedB2b": false,
            "notAllowedAnonymous": false,
            "productLine2": "FREBACO KVARN, 500g",
            "pickupProductLine2": "FREBACO KVARN, 500g",
            "priceUnit": "kr/st",
            "priceNoUnit": "16,95",
            "savingsAmount": 3.9,
            "googleAnalyticsCategory": "skafferi|ris-mos-och-gryner-|ris",
            "gdprTrackingIncompliant": false,
            "nicotineMedicalProduct": false,
            "tobaccoFreeNicotineProduct": false,
            "nonEkoProduct": false,
            "precautionaryStatements": [],
            "hazards": [],
            "tobaccoProduct": false,
            "showGoodPriceIcon": true,
            "labels": [
                "ecological",
                "krav",
                "swedish_flag",
                "from_sweden",
                "eu_ecological",
                "keyhole"
            ],
            "seoDescription": "",
            "seoTitle": "",
            "manufacturer": "Frebaco Kvarn",
            "incrementValue": 1.0,
            "productBasketType": {
                "code": "ST",
                "type": "ProductBasketTypeEnum"
            },
            "bargainProduct": false,
            "addToCartMessage": "",
            "thumbnail": {
                "imageType": "PRIMARY",
                "format": "thumbnail",
                "url": "https://assets.axfood.se/image/upload/f_auto,t_100/07312560031008_C1N1_s02",
                "altText": null,
                "galleryIndex": null,
                "width": null
            },
            "outOfStock": false,
            "online": true,
            "displayVolume": "500g",
            "addToCartDisabled": false,
            "name": "Matvete",
            "code": "100627582_ST"
        },
        {
            "potentialPromotions": [
                {
                    "threshold": null,
                    "applied": false,
                    "campaignType": "GENERAL",
                    "offerStatus": null,
                    "productCodes": [
                        "101225562_ST",
                        "101542566_ST"
                    ],
                    "promotionTheme": {
                        "code": "Z019",
                        "visible": null
                    },
                    "textLabelGenerated": "Alltid bra pris!",
                    "textLabelManual": null,
                    "lowestHistoricalPrice": null,
                    "price": {
                        "currencyIso": "SEK",
                        "value": 22.5,
                        "priceType": "BUY",
                        "formattedValue": "22,50 kr",
                        "minQuantity": null,
                        "maxQuantity": null
                    },
                    "promotionType": "MixMatchPricePromotion",
                    "conditionLabel": "2 för",
                    "rewardLabel": "45 kr",
                    "textLabel": "Alltid bra pris!",
                    "redeemLimitLabel": "",
                    "cartLabel": null,
                    "validUntil": null,
                    "timesUsed": null,
                    "qualifyingCount": 2,
                    "comparePrice": "64,28 kr",
                    "splashTitleText": "Alltid bra pris",
                    "realMixAndMatch": true,
                    "mainProductCode": "101225562_ST",
                    "conditionLabelFormatted": "",
                    "promotionRedeemLimit": null,
                    "promotionPercentage": null,
                    "cartLabelFormatted": "",
                    "priority": 208,
                    "code": "10009465052"
                }
            ],
            "inactivePotentialPromotions": [],
            "priceValue": 25.5,
            "price": "25,50 kr",
            "image": {
                "imageType": "PRIMARY",
                "format": "product",
                "url": "https://assets.axfood.se/image/upload/f_auto,t_200/07312560057404_C1R1_s06",
                "altText": null,
                "galleryIndex": null,
                "width": null
            },
            "ranking": 20.911090090485,
            "depositPrice": "",
            "averageWeight": null,
            "comparePrice": "72,86 kr",
            "comparePriceUnit": "kg",
            "isDrugProduct": false,
            "solrSearchScore": 0.7614262700080872,
            "energyDeclaration": null,
            "newsSplashProduct": false,
            "notAllowedB2b": false,
            "notAllowedAnonymous": false,
            "productLine2": "FREBACO KVARN, 350g",
            "pickupProductLine2": "FREBACO KVARN, 350g",
            "priceUnit": "kr/st",
            "priceNoUnit": "25,50",
            "savingsAmount": 6.0,
            "googleAnalyticsCategory": "skafferi|flingor-och-musli|flingor",
            "gdprTrackingIncompliant": false,
            "nicotineMedicalProduct": false,
            "tobaccoFreeNicotineProduct": false,
            "nonEkoProduct": false,
            "precautionaryStatements": [],
            "hazards": [],
            "tobaccoProduct": false,
            "showGoodPriceIcon": true,
            "labels": [
                "swedish_flag",
                "from_sweden",
                "keyhole"
            ],
            "seoDescription": "",
            "seoTitle": "",
            "manufacturer": "Frebaco Kvarn",
            "incrementValue": 1.0,
            "productBasketType": {
                "code": "ST",
                "type": "ProductBasketTypeEnum"
            },
            "bargainProduct": false,
            "addToCartMessage": "",
            "thumbnail": {
                "imageType": "PRIMARY",
                "format": "thumbnail",
                "url": "https://assets.axfood.se/image/upload/f_auto,t_100/07312560057404_C1R1_s06",
                "altText": null,
                "galleryIndex": null,
                "width": null
            },
            "outOfStock": false,
            "online": true,
            "displayVolume": "350g",
            "addToCartDisabled": false,
            "name": "Naturell Havreringar",
            "code": "101225562_ST"
        },
        {
            "potentialPromotions": [
                {
                    "threshold": null,
                    "applied": false,
                    "campaignType": "GENERAL",
                    "offerStatus": null,
                    "productCodes": [
                        "100063645_ST",
                        "100063761_ST",
                        "100063832_ST",
                        "100063949_ST",
                        "100063976_ST",
                        "101288751_ST",
                        "101526996_ST"
                    ],
                    "promotionTheme": {
                        "code": "Z019",
                        "visible": null
                    },
                    "textLabelGenerated": "Alltid bra pris!",
                    "textLabelManual": null,
                    "lowestHistoricalPrice": null,
                    "price": {
                        "currencyIso": "SEK",
                        "value": 12.5,
                        "priceType": "BUY",
                        "formattedValue": "12,50 kr",
                        "minQuantity": null,
                        "maxQuantity": null
                    },
                    "promotionType": "MixMatchPricePromotion",
                    "conditionLabel": "2 för",
                    "rewardLabel": "25 kr",
                    "textLabel": "Alltid bra pris!",
                    "redeemLimitLabel": "",
                    "cartLabel": null,
                    "validUntil": null,
                    "timesUsed": null,
                    "qualifyingCount": 2,
                    "comparePrice": "500,00 kr",
                    "splashTitleText": "Alltid bra pris",
                    "realMixAndMatch": true,
                    "mainProductCode": "100063645_ST",
                    "conditionLabelFormatted": "",
                    "promotionRedeemLimit": null,
                    "promotionPercentage": null,
                    "cartLabelFormatted": "",
                    "priority": 208,
                    "code": "10009465043"
                }
            ],
            "inactivePotentialPromotions": [],
            "priceValue": 15.95,
            "price": "15,95 kr",
            "image": {
                "imageType": "PRIMARY",
                "format": "product",
                "url": "https://assets.axfood.se/image/upload/f_auto,t_200/00000050043200_C1C1_s01",
                "altText": null,
                "galleryIndex": null,
                "width": null
            },
            "ranking": 20.9110900872082,
            "depositPrice": "",
            "averageWeight": null,
            "comparePrice": "638,00 kr",
            "comparePriceUnit": "kg",
            "isDrugProduct": false,
            "solrSearchScore": 0.7614262700080872,
            "energyDeclaration": null,
            "newsSplashProduct": false,
            "notAllowedB2b": false,
            "notAllowedAnonymous": false,
            "productLine2": "FISHERMAN'S, 25g",
            "pickupProductLine2": "FISHERMAN'S, 25g",
            "priceUnit": "kr/st",
            "priceNoUnit": "15,95",
            "savingsAmount": 6.9,
            "googleAnalyticsCategory": "godis-snacks-och-glass|halstabletter",
            "gdprTrackingIncompliant": false,
            "nicotineMedicalProduct": false,
            "tobaccoFreeNicotineProduct": false,
            "nonEkoProduct": false,
            "precautionaryStatements": [],
            "hazards": [],
            "tobaccoProduct": false,
            "showGoodPriceIcon": true,
            "labels": [],
            "seoDescription": "",
            "seoTitle": "",
            "manufacturer": "Fisherman's",
            "incrementValue": 1.0,
            "productBasketType": {
                "code": "ST",
                "type": "ProductBasketTypeEnum"
            },
            "bargainProduct": false,
            "addToCartMessage": "",
            "thumbnail": {
                "imageType": "PRIMARY",
                "format": "thumbnail",
                "url": "https://assets.axfood.se/image/upload/f_auto,t_100/00000050043200_C1C1_s01",
                "altText": null,
                "galleryIndex": null,
                "width": null
            },
            "outOfStock": false,
            "online": true,
            "displayVolume": "25g",
            "addToCartDisabled": false,
            "name": "Citrus Sugar Free Halstabletter",
            "code": "100063645_ST"
        },
        {
            "potentialPromotions": [
                {
                    "threshold": null,
                    "applied": false,
                    "campaignType": "GENERAL",
                    "offerStatus": null,
                    "productCodes": [
                        "101260986_ST",
                        "101261020_ST",
                        "101288653_ST"
                    ],
                    "promotionTheme": {
                        "code": "Z019",
                        "visible": null
                    },
                    "textLabelGenerated": "Alltid bra pris!",
                    "textLabelManual": null,
                    "lowestHistoricalPrice": null,
                    "price": {
                        "currencyIso": "SEK",
                        "value": 16.333333333333332,
                        "priceType": "BUY",
                        "formattedValue": "16,33 kr",
                        "minQuantity": null,
                        "maxQuantity": null
                    },
                    "promotionType": "MixMatchPricePromotion",
                    "conditionLabel": "3 för",
                    "rewardLabel": "49 kr",
                    "textLabel": "Alltid bra pris!",
                    "redeemLimitLabel": "",
                    "cartLabel": null,
                    "validUntil": null,
                    "timesUsed": null,
                    "qualifyingCount": 3,
                    "comparePrice": "81,67 kr",
                    "splashTitleText": "Alltid bra pris",
                    "realMixAndMatch": true,
                    "mainProductCode": "101260986_ST",
                    "conditionLabelFormatted": "",
                    "promotionRedeemLimit": null,
                    "promotionPercentage": null,
                    "cartLabelFormatted": "",
                    "priority": 208,
                    "code": "10009465042"
                }
            ],
            "inactivePotentialPromotions": [],
            "priceValue": 18.95,
            "price": "18,95 kr",
            "image": {
                "imageType": "PRIMARY",
                "format": "product",
                "url": "https://assets.axfood.se/image/upload/f_auto,t_200/05060108450003_C1N1_s01",
                "altText": null,
                "galleryIndex": null,
                "width": null
            },
            "ranking": 20.9110900839314,
            "depositPrice": "",
            "averageWeight": null,
            "comparePrice": "94,75 kr",
            "comparePriceUnit": "l",
            "isDrugProduct": false,
            "solrSearchScore": 0.7614262700080872,
            "energyDeclaration": null,
            "newsSplashProduct": false,
            "notAllowedB2b": false,
            "notAllowedAnonymous": false,
            "productLine2": "FEVER TREE, 20cl",
            "pickupProductLine2": "FEVER TREE, 20cl",
            "priceUnit": "kr/st",
            "priceNoUnit": "18,95",
            "savingsAmount": 7.850000000000004,
            "googleAnalyticsCategory": "dryck|drinkmix|drinkmixer",
            "gdprTrackingIncompliant": false,
            "nicotineMedicalProduct": false,
            "tobaccoFreeNicotineProduct": false,
            "nonEkoProduct": false,
            "precautionaryStatements": [],
            "hazards": [],
            "tobaccoProduct": false,
            "showGoodPriceIcon": true,
            "labels": [],
            "seoDescription": "",
            "seoTitle": "",
            "manufacturer": "Fever Tree",
            "incrementValue": 1.0,
            "productBasketType": {
                "code": "ST",
                "type": "ProductBasketTypeEnum"
            },
            "bargainProduct": false,
            "addToCartMessage": "",
            "thumbnail": {
                "imageType": "PRIMARY",
                "format": "thumbnail",
                "url": "https://assets.axfood.se/image/upload/f_auto,t_100/05060108450003_C1N1_s01",
                "altText": null,
                "galleryIndex": null,
                "width": null
            },
            "outOfStock": false,
            "online": true,
            "displayVolume": "20cl",
            "addToCartDisabled": false,
            "name": "Premium Indian Tonic Water Drinkmix Glas",
            "code": "101260986_ST"
        },
        {
            "potentialPromotions": [
                {
                    "threshold": null,
                    "applied": false,
                    "campaignType": "GENERAL",
                    "offerStatus": null,
                    "productCodes": [
                        "100198260_ST",
                        "100198386_ST",
                        "101278894_ST",
                        "101338362_ST",
                        "101550503_ST"
                    ],
                    "promotionTheme": {
                        "code": "Z019",
                        "visible": null
                    },
                    "textLabelGenerated": "Alltid bra pris!",
                    "textLabelManual": null,
                    "lowestHistoricalPrice": null,
                    "price": {
                        "currencyIso": "SEK",
                        "value": 16.0,
                        "priceType": "BUY",
                        "formattedValue": "16,00 kr",
                        "minQuantity": null,
                        "maxQuantity": null
                    },
                    "promotionType": "MixMatchPricePromotion",
                    "conditionLabel": "2 för",
                    "rewardLabel": "32 kr",
                    "textLabel": "Alltid bra pris!",
                    "redeemLimitLabel": "",
                    "cartLabel": null,
                    "validUntil": null,
                    "timesUsed": null,
                    "qualifyingCount": 2,
                    "comparePrice": "10,67 kr",
                    "splashTitleText": "Alltid bra pris",
                    "realMixAndMatch": true,
                    "mainProductCode": "100198260_ST",
                    "conditionLabelFormatted": "",
                    "promotionRedeemLimit": null,
                    "promotionPercentage": null,
                    "cartLabelFormatted": "",
                    "priority": 208,
                    "code": "10009465014"
                }
            ],
            "inactivePotentialPromotions": [],
            "priceValue": 18.95,
            "price": "18,95 kr",
            "image": {
                "imageType": "PRIMARY",
                "format": "product",
                "url": "https://assets.axfood.se/image/upload/f_auto,t_200/07310401000367_C1N1_s02",
                "altText": null,
                "galleryIndex": null,
                "width": null
            },
            "ranking": 20.9110900806546,
            "depositPrice": "2,00 kr",
            "averageWeight": null,
            "comparePrice": "12,63 kr",
            "comparePriceUnit": "l",
            "isDrugProduct": false,
            "solrSearchScore": 0.7614262700080872,
            "energyDeclaration": null,
            "newsSplashProduct": false,
            "notAllowedB2b": false,
            "notAllowedAnonymous": false,
            "productLine2": "CHAMPIS, 1,5l",
            "pickupProductLine2": "CHAMPIS, 1,5l",
            "priceUnit": "kr/st",
            "priceNoUnit": "18,95",
            "savingsAmount": 5.9,
            "googleAnalyticsCategory": "dryck|lask|lask-stor",
            "gdprTrackingIncompliant": false,
            "nicotineMedicalProduct": false,
            "tobaccoFreeNicotineProduct": false,
            "nonEkoProduct": false,
            "precautionaryStatements": [],
            "hazards": [],
            "tobaccoProduct": false,
            "showGoodPriceIcon": true,
            "labels": [],
            "seoDescription": "",
            "seoTitle": "",
            "manufacturer": "Champis",
            "incrementValue": 1.0,
            "productBasketType": {
                "code": "ST",
                "type": "ProductBasketTypeEnum"
            },
            "bargainProduct": false,
            "addToCartMessage": "",
            "thumbnail": {
                "imageType": "PRIMARY",
                "format": "thumbnail",
                "url": "https://assets.axfood.se/image/upload/f_auto,t_100/07310401000367_C1N1_s02",
                "altText": null,
                "galleryIndex": null,
                "width": null
            },
            "outOfStock": false,
            "online": true,
            "displayVolume": "1,5l",
            "addToCartDisabled": false,
            "name": "Champis Läsk Pet",
            "code": "100198260_ST"
        },
        {
            "potentialPromotions": [
                {
                    "threshold": null,
                    "applied": false,
                    "campaignType": "GENERAL",
                    "offerStatus": null,
                    "productCodes": [
                        "101545635_ST",
                        "101545637_ST",
                        "101545678_ST",
                        "101545679_ST"
                    ],
                    "promotionTheme": {
                        "code": "Z019",
                        "visible": null
                    },
                    "textLabelGenerated": "Alltid bra pris!",
                    "textLabelManual": null,
                    "lowestHistoricalPrice": null,
                    "price": {
                        "currencyIso": "SEK",
                        "value": 10.0,
                        "priceType": "BUY",
                        "formattedValue": "10,00 kr",
                        "minQuantity": null,
                        "maxQuantity": null
                    },
                    "promotionType": "MixMatchPricePromotion",
                    "conditionLabel": "2 för",
                    "rewardLabel": "20 kr",
                    "textLabel": "Alltid bra pris!",
                    "redeemLimitLabel": "",
                    "cartLabel": null,
                    "validUntil": null,
                    "timesUsed": null,
                    "qualifyingCount": 2,
                    "comparePrice": "200,00 kr",
                    "splashTitleText": "Alltid bra pris",
                    "realMixAndMatch": true,
                    "mainProductCode": "101545635_ST",
                    "conditionLabelFormatted": "",
                    "promotionRedeemLimit": null,
                    "promotionPercentage": null,
                    "cartLabelFormatted": "",
                    "priority": 208,
                    "code": "10009465013"
                }
            ],
            "inactivePotentialPromotions": [],
            "priceValue": 13.95,
            "price": "13,95 kr",
            "image": {
                "imageType": "PRIMARY",
                "format": "product",
                "url": "https://assets.axfood.se/image/upload/f_auto,t_200/05900951311505_C1N1_s01",
                "altText": null,
                "galleryIndex": null,
                "width": null
            },
            "ranking": 20.9110900773778,
            "depositPrice": "",
            "averageWeight": null,
            "comparePrice": "279,00 kr",
            "comparePriceUnit": "kg",
            "isDrugProduct": false,
            "solrSearchScore": 0.7614262700080872,
            "energyDeclaration": null,
            "newsSplashProduct": false,
            "notAllowedB2b": false,
            "notAllowedAnonymous": false,
            "productLine2": "SNICKERS, 50g",
            "pickupProductLine2": "SNICKERS, 50g",
            "priceUnit": "kr/st",
            "priceNoUnit": "13,95",
            "savingsAmount": 7.9,
            "googleAnalyticsCategory": "godis-snacks-och-glass|choklad|chokladkakor",
            "gdprTrackingIncompliant": false,
            "nicotineMedicalProduct": false,
            "tobaccoFreeNicotineProduct": false,
            "nonEkoProduct": false,
            "precautionaryStatements": [],
            "hazards": [],
            "tobaccoProduct": false,
            "showGoodPriceIcon": true,
            "labels": [],
            "seoDescription": "",
            "seoTitle": "",
            "manufacturer": "Snickers",
            "incrementValue": 1.0,
            "productBasketType": {
                "code": "ST",
                "type": "ProductBasketTypeEnum"
            },
            "bargainProduct": false,
            "addToCartMessage": "",
            "thumbnail": {
                "imageType": "PRIMARY",
                "format": "thumbnail",
                "url": "https://assets.axfood.se/image/upload/f_auto,t_100/05900951311505_C1N1_s01",
                "altText": null,
                "galleryIndex": null,
                "width": null
            },
            "outOfStock": false,
            "online": true,
            "displayVolume": "50g",
            "addToCartDisabled": false,
            "name": "Snickers",
            "code": "101545635_ST"
        },
        {
            "potentialPromotions": [
                {
                    "threshold": null,
                    "applied": false,
                    "campaignType": "GENERAL",
                    "offerStatus": null,
                    "productCodes": [
                        "101199266_ST",
                        "101199277_ST",
                        "101199280_ST",
                        "101199287_ST",
                        "101348967_ST",
                        "101623958_ST"
                    ],
                    "promotionTheme": {
                        "code": "Z019",
                        "visible": null
                    },
                    "textLabelGenerated": "Alltid bra pris!",
                    "textLabelManual": null,
                    "lowestHistoricalPrice": null,
                    "price": {
                        "currencyIso": "SEK",
                        "value": 16.0,
                        "priceType": "BUY",
                        "formattedValue": "16,00 kr",
                        "minQuantity": null,
                        "maxQuantity": null
                    },
                    "promotionType": "MixMatchPricePromotion",
                    "conditionLabel": "2 för",
                    "rewardLabel": "32 kr",
                    "textLabel": "Alltid bra pris!",
                    "redeemLimitLabel": "",
                    "cartLabel": null,
                    "validUntil": null,
                    "timesUsed": null,
                    "qualifyingCount": 2,
                    "comparePrice": "266,67 kr",
                    "splashTitleText": "Alltid bra pris",
                    "realMixAndMatch": true,
                    "mainProductCode": "101199266_ST",
                    "conditionLabelFormatted": "",
                    "promotionRedeemLimit": null,
                    "promotionPercentage": null,
                    "cartLabelFormatted": "",
                    "priority": 208,
                    "code": "10009465011"
                }
            ],
            "inactivePotentialPromotions": [],
            "priceValue": 17.95,
            "price": "17,95 kr",
            "image": {
                "imageType": "PRIMARY",
                "format": "product",
                "url": "https://assets.axfood.se/image/upload/f_auto,t_200/04008429037894_C1N1_s02",
                "altText": null,
                "galleryIndex": null,
                "width": null
            },
            "ranking": 20.911090074101,
            "depositPrice": "",
            "averageWeight": null,
            "comparePrice": "299,17 kr",
            "comparePriceUnit": "kg",
            "isDrugProduct": false,
            "solrSearchScore": 0.7614262700080872,
            "energyDeclaration": null,
            "newsSplashProduct": false,
            "notAllowedB2b": false,
            "notAllowedAnonymous": false,
            "productLine2": "DREAMIES, 60g",
            "pickupProductLine2": "DREAMIES, 60g",
            "priceUnit": "kr/st",
            "priceNoUnit": "17,95",
            "savingsAmount": 3.9,
            "googleAnalyticsCategory": "djur|katt|kattgodis",
            "gdprTrackingIncompliant": false,
            "nicotineMedicalProduct": false,
            "tobaccoFreeNicotineProduct": false,
            "nonEkoProduct": false,
            "precautionaryStatements": [],
            "hazards": [],
            "tobaccoProduct": false,
            "showGoodPriceIcon": true,
            "labels": [],
            "seoDescription": "",
            "seoTitle": "",
            "manufacturer": "Dreamies",
            "incrementValue": 1.0,
            "productBasketType": {
                "code": "ST",
                "type": "ProductBasketTypeEnum"
            },
            "bargainProduct": false,
            "addToCartMessage": "",
            "thumbnail": {
                "imageType": "PRIMARY",
                "format": "thumbnail",
                "url": "https://assets.axfood.se/image/upload/f_auto,t_100/04008429037894_C1N1_s02",
                "altText": null,
                "galleryIndex": null,
                "width": null
            },
            "outOfStock": false,
            "online": true,
            "displayVolume": "60g",
            "addToCartDisabled": false,
            "name": "Kyckling Kattgodis",
            "code": "101199266_ST"
        },
        {
            "potentialPromotions": [
                {
                    "threshold": null,
                    "applied": false,
                    "campaignType": "GENERAL",
                    "offerStatus": null,
                    "productCodes": [
                        "101667098_ST",
                        "101667099_ST",
                        "101667101_ST"
                    ],
                    "promotionTheme": {
                        "code": "Z019",
                        "visible": null
                    },
                    "textLabelGenerated": "Alltid bra pris!",
                    "textLabelManual": null,
                    "lowestHistoricalPrice": null,
                    "price": {
                        "currencyIso": "SEK",
                        "value": 12.5,
                        "priceType": "BUY",
                        "formattedValue": "12,50 kr",
                        "minQuantity": null,
                        "maxQuantity": null
                    },
                    "promotionType": "MixMatchPricePromotion",
                    "conditionLabel": "2 för",
                    "rewardLabel": "25 kr",
                    "textLabel": "Alltid bra pris!",
                    "redeemLimitLabel": "",
                    "cartLabel": null,
                    "validUntil": null,
                    "timesUsed": null,
                    "qualifyingCount": 2,
                    "comparePrice": "250,00 kr",
                    "splashTitleText": "Alltid bra pris",
                    "realMixAndMatch": true,
                    "mainProductCode": "101667098_ST",
                    "conditionLabelFormatted": "",
                    "promotionRedeemLimit": null,
                    "promotionPercentage": null,
                    "cartLabelFormatted": "",
                    "priority": 208,
                    "code": "10009465009"
                }
            ],
            "inactivePotentialPromotions": [],
            "priceValue": 14.95,
            "price": "14,95 kr",
            "image": {
                "imageType": "PRIMARY",
                "format": "product",
                "url": "https://assets.axfood.se/image/upload/f_auto,t_200/00084909002198_C1N1_s01",
                "altText": null,
                "galleryIndex": null,
                "width": null
            },
            "ranking": 20.9110900708242,
            "depositPrice": "",
            "averageWeight": null,
            "comparePrice": "299,00 kr",
            "comparePriceUnit": "kg",
            "isDrugProduct": false,
            "solrSearchScore": 0.7614262700080872,
            "energyDeclaration": null,
            "newsSplashProduct": false,
            "notAllowedB2b": false,
            "notAllowedAnonymous": false,
            "productLine2": "COCK BRAND, 50g",
            "pickupProductLine2": "COCK BRAND, 50g",
            "priceUnit": "kr/st",
            "priceNoUnit": "14,95",
            "savingsAmount": 4.9,
            "googleAnalyticsCategory": "skafferi|asien|ovrigt-asien",
            "gdprTrackingIncompliant": false,
            "nicotineMedicalProduct": false,
            "tobaccoFreeNicotineProduct": false,
            "nonEkoProduct": false,
            "precautionaryStatements": [],
            "hazards": [],
            "tobaccoProduct": false,
            "showGoodPriceIcon": true,
            "labels": [],
            "seoDescription": "",
            "seoTitle": "",
            "manufacturer": "Cock Brand",
            "incrementValue": 1.0,
            "productBasketType": {
                "code": "ST",
                "type": "ProductBasketTypeEnum"
            },
            "bargainProduct": false,
            "addToCartMessage": "",
            "thumbnail": {
                "imageType": "PRIMARY",
                "format": "thumbnail",
                "url": "https://assets.axfood.se/image/upload/f_auto,t_100/00084909002198_C1N1_s01",
                "altText": null,
                "galleryIndex": null,
                "width": null
            },
            "outOfStock": false,
            "online": true,
            "displayVolume": "50g",
            "addToCartDisabled": false,
            "name": "Currypasta Röd",
            "code": "101667098_ST"
        },
        {
            "potentialPromotions": [
                {
                    "threshold": null,
                    "applied": false,
                    "campaignType": "GENERAL",
                    "offerStatus": null,
                    "productCodes": [
                        "100439492_ST",
                        "100441407_ST",
                        "100441425_ST",
                        "101339882_ST",
                        "101339883_ST"
                    ],
                    "promotionTheme": {
                        "code": "Z019",
                        "visible": null
                    },
                    "textLabelGenerated": "Alltid bra pris!",
                    "textLabelManual": null,
                    "lowestHistoricalPrice": null,
                    "price": {
                        "currencyIso": "SEK",
                        "value": 14.0,
                        "priceType": "BUY",
                        "formattedValue": "14,00 kr",
                        "minQuantity": null,
                        "maxQuantity": null
                    },
                    "promotionType": "MixMatchPricePromotion",
                    "conditionLabel": "3 för",
                    "rewardLabel": "42 kr",
                    "textLabel": "Alltid bra pris!",
                    "redeemLimitLabel": "",
                    "cartLabel": null,
                    "validUntil": null,
                    "timesUsed": null,
                    "qualifyingCount": 3,
                    "comparePrice": "93,33 kr",
                    "splashTitleText": "Alltid bra pris",
                    "realMixAndMatch": true,
                    "mainProductCode": "100439492_ST",
                    "conditionLabelFormatted": "",
                    "promotionRedeemLimit": null,
                    "promotionPercentage": null,
                    "cartLabelFormatted": "",
                    "priority": 208,
                    "code": "10009465008"
                }
            ],
            "inactivePotentialPromotions": [],
            "priceValue": 14.95,
            "price": "14,95 kr",
            "image": {
                "imageType": "PRIMARY",
                "format": "product",
                "url": "https://assets.axfood.se/image/upload/f_auto,t_200/04008429012617_C1L1_s02",
                "altText": null,
                "galleryIndex": null,
                "width": null
            },
            "ranking": 20.9110900675474,
            "depositPrice": "",
            "averageWeight": null,
            "comparePrice": "99,67 kr",
            "comparePriceUnit": "kg",
            "isDrugProduct": false,
            "solrSearchScore": 0.7614262700080872,
            "energyDeclaration": null,
            "newsSplashProduct": false,
            "notAllowedB2b": false,
            "notAllowedAnonymous": false,
            "productLine2": "CESAR, 150g",
            "pickupProductLine2": "CESAR, 150g",
            "priceUnit": "kr/st",
            "priceNoUnit": "14,95",
            "savingsAmount": 2.85,
            "googleAnalyticsCategory": "djur|hund|hundmat-vat",
            "gdprTrackingIncompliant": false,
            "nicotineMedicalProduct": false,
            "tobaccoFreeNicotineProduct": false,
            "nonEkoProduct": false,
            "precautionaryStatements": [],
            "hazards": [],
            "tobaccoProduct": false,
            "showGoodPriceIcon": true,
            "labels": [],
            "seoDescription": "",
            "seoTitle": "",
            "manufacturer": "Cesar",
            "incrementValue": 1.0,
            "productBasketType": {
                "code": "ST",
                "type": "ProductBasketTypeEnum"
            },
            "bargainProduct": false,
            "addToCartMessage": "",
            "thumbnail": {
                "imageType": "PRIMARY",
                "format": "thumbnail",
                "url": "https://assets.axfood.se/image/upload/f_auto,t_100/04008429012617_C1L1_s02",
                "altText": null,
                "galleryIndex": null,
                "width": null
            },
            "outOfStock": false,
            "online": true,
            "displayVolume": "150g",
            "addToCartDisabled": false,
            "name": "Kalv&kyckling Classic Terrine Hundmat Våt",
            "code": "100439492_ST"
        },
        {
            "potentialPromotions": [
                {
                    "threshold": null,
                    "applied": false,
                    "campaignType": "GENERAL",
                    "offerStatus": null,
                    "productCodes": [
                        "101216229_ST",
                        "101216279_ST",
                        "101247613_ST",
                        "101356971_ST"
                    ],
                    "promotionTheme": {
                        "code": "Z019",
                        "visible": null
                    },
                    "textLabelGenerated": "Alltid bra pris!",
                    "textLabelManual": null,
                    "lowestHistoricalPrice": null,
                    "price": {
                        "currencyIso": "SEK",
                        "value": 25.0,
                        "priceType": "BUY",
                        "formattedValue": "25,00 kr",
                        "minQuantity": null,
                        "maxQuantity": null
                    },
                    "promotionType": "MixMatchPricePromotion",
                    "conditionLabel": "2 för",
                    "rewardLabel": "50 kr",
                    "textLabel": "Alltid bra pris!",
                    "redeemLimitLabel": "",
                    "cartLabel": null,
                    "validUntil": null,
                    "timesUsed": null,
                    "qualifyingCount": 2,
                    "comparePrice": "83,33 kr",
                    "splashTitleText": "Alltid bra pris",
                    "realMixAndMatch": true,
                    "mainProductCode": "101216229_ST",
                    "conditionLabelFormatted": "",
                    "promotionRedeemLimit": null,
                    "promotionPercentage": null,
                    "cartLabelFormatted": "",
                    "priority": 208,
                    "code": "10009465007"
                }
            ],
            "inactivePotentialPromotions": [],
            "priceValue": 27.95,
            "price": "27,95 kr",
            "image": {
                "imageType": "PRIMARY",
                "format": "product",
                "url": "https://assets.axfood.se/image/upload/f_auto,t_200/07322550097624_C1N1_s02",
                "altText": null,
                "galleryIndex": null,
                "width": null
            },
            "ranking": 20.9110900642706,
            "depositPrice": "",
            "averageWeight": null,
            "comparePrice": "93,17 kr",
            "comparePriceUnit": "l",
            "isDrugProduct": false,
            "solrSearchScore": 0.7614262700080872,
            "energyDeclaration": null,
            "newsSplashProduct": false,
            "notAllowedB2b": false,
            "notAllowedAnonymous": false,
            "productLine2": "BLÅ BAND, 300ml",
            "pickupProductLine2": "BLÅ BAND, 300ml",
            "priceUnit": "kr/st",
            "priceNoUnit": "27,95",
            "savingsAmount": 5.9,
            "googleAnalyticsCategory": "skafferi|kryddor-och-smaksattare|saser",
            "gdprTrackingIncompliant": false,
            "nicotineMedicalProduct": false,
            "tobaccoFreeNicotineProduct": false,
            "nonEkoProduct": false,
            "precautionaryStatements": [],
            "hazards": [],
            "tobaccoProduct": false,
            "showGoodPriceIcon": true,
            "labels": [],
            "seoDescription": "",
            "seoTitle": "",
            "manufacturer": "Blå Band",
            "incrementValue": 1.0,
            "productBasketType": {
                "code": "ST",
                "type": "ProductBasketTypeEnum"
            },
            "bargainProduct": false,
            "addToCartMessage": "",
            "thumbnail": {
                "imageType": "PRIMARY",
                "format": "thumbnail",
                "url": "https://assets.axfood.se/image/upload/f_auto,t_100/07322550097624_C1N1_s02",
                "altText": null,
                "galleryIndex": null,
                "width": null
            },
            "outOfStock": false,
            "online": true,
            "displayVolume": "300ml",
            "addToCartDisabled": false,
            "name": "Mexican Sauce Tomato & Pepper Sås",
            "code": "101216229_ST"
        },
        {
            "potentialPromotions": [
                {
                    "threshold": null,
                    "applied": false,
                    "campaignType": "GENERAL",
                    "offerStatus": null,
                    "productCodes": [
                        "101203207_ST",
                        "101203244_ST",
                        "101247690_ST",
                        "101247712_ST",
                        "101348410_ST"
                    ],
                    "promotionTheme": {
                        "code": "Z019",
                        "visible": null
                    },
                    "textLabelGenerated": "Alltid bra pris!",
                    "textLabelManual": null,
                    "lowestHistoricalPrice": null,
                    "price": {
                        "currencyIso": "SEK",
                        "value": 17.5,
                        "priceType": "BUY",
                        "formattedValue": "17,50 kr",
                        "minQuantity": null,
                        "maxQuantity": null
                    },
                    "promotionType": "MixMatchPricePromotion",
                    "conditionLabel": "2 för",
                    "rewardLabel": "35 kr",
                    "textLabel": "Alltid bra pris!",
                    "redeemLimitLabel": "",
                    "cartLabel": null,
                    "validUntil": null,
                    "timesUsed": null,
                    "qualifyingCount": 2,
                    "comparePrice": "58,33 kr",
                    "splashTitleText": "Alltid bra pris",
                    "realMixAndMatch": true,
                    "mainProductCode": "101203207_ST",
                    "conditionLabelFormatted": "",
                    "promotionRedeemLimit": null,
                    "promotionPercentage": null,
                    "cartLabelFormatted": "",
                    "priority": 208,
                    "code": "10009465006"
                }
            ],
            "inactivePotentialPromotions": [],
            "priceValue": 19.95,
            "price": "19,95 kr",
            "image": {
                "imageType": "PRIMARY",
                "format": "product",
                "url": "https://assets.axfood.se/image/upload/f_auto,t_200/07310618427032_C1N1_s06",
                "altText": null,
                "galleryIndex": null,
                "width": null
            },
            "ranking": 20.9110900609938,
            "depositPrice": "",
            "averageWeight": null,
            "comparePrice": "66,50 kr",
            "comparePriceUnit": "l",
            "isDrugProduct": false,
            "solrSearchScore": 0.7614262700080872,
            "energyDeclaration": null,
            "newsSplashProduct": false,
            "notAllowedB2b": false,
            "notAllowedAnonymous": false,
            "productLine2": "BLIW, 300ml",
            "pickupProductLine2": "BLIW, 300ml",
            "priceUnit": "kr/st",
            "priceNoUnit": "19,95",
            "savingsAmount": 4.9,
            "googleAnalyticsCategory": "halsa-och-skonhet|kroppsvard|tval",
            "gdprTrackingIncompliant": false,
            "nicotineMedicalProduct": false,
            "tobaccoFreeNicotineProduct": false,
            "nonEkoProduct": false,
            "precautionaryStatements": [],
            "hazards": [],
            "tobaccoProduct": false,
            "showGoodPriceIcon": true,
            "labels": [
                "swan",
                "environmental_facet"
            ],
            "seoDescription": "",
            "seoTitle": "",
            "manufacturer": "Bliw",
            "incrementValue": 1.0,
            "productBasketType": {
                "code": "ST",
                "type": "ProductBasketTypeEnum"
            },
            "bargainProduct": false,
            "addToCartMessage": "",
            "thumbnail": {
                "imageType": "PRIMARY",
                "format": "thumbnail",
                "url": "https://assets.axfood.se/image/upload/f_auto,t_100/07310618427032_C1N1_s06",
                "altText": null,
                "galleryIndex": null,
                "width": null
            },
            "outOfStock": false,
            "online": true,
            "displayVolume": "300ml",
            "addToCartDisabled": false,
            "name": "Blueberry Blåbär Flytande Handtvål",
            "code": "101203207_ST"
        },
        {
            "potentialPromotions": [
                {
                    "threshold": null,
                    "applied": false,
                    "campaignType": "GENERAL",
                    "offerStatus": null,
                    "productCodes": [
                        "101300808_ST",
                        "101301217_ST",
                        "101301377_ST",
                        "101318584_ST",
                        "101355601_ST",
                        "101600216_ST"
                    ],
                    "promotionTheme": {
                        "code": "Z019",
                        "visible": null
                    },
                    "textLabelGenerated": "Alltid bra pris!",
                    "textLabelManual": null,
                    "lowestHistoricalPrice": null,
                    "price": {
                        "currencyIso": "SEK",
                        "value": 19.0,
                        "priceType": "BUY",
                        "formattedValue": "19,00 kr",
                        "minQuantity": null,
                        "maxQuantity": null
                    },
                    "promotionType": "MixMatchPricePromotion",
                    "conditionLabel": "2 för",
                    "rewardLabel": "38 kr",
                    "textLabel": "Alltid bra pris!",
                    "redeemLimitLabel": "",
                    "cartLabel": null,
                    "validUntil": null,
                    "timesUsed": null,
                    "qualifyingCount": 2,
                    "comparePrice": "475,00 kr",
                    "splashTitleText": "Alltid bra pris",
                    "realMixAndMatch": true,
                    "mainProductCode": "101300808_ST",
                    "conditionLabelFormatted": "",
                    "promotionRedeemLimit": null,
                    "promotionPercentage": null,
                    "cartLabelFormatted": "",
                    "priority": 208,
                    "code": "10009465005"
                }
            ],
            "inactivePotentialPromotions": [],
            "priceValue": 21.95,
            "price": "21,95 kr",
            "image": {
                "imageType": "PRIMARY",
                "format": "product",
                "url": "https://assets.axfood.se/image/upload/f_auto,t_200/05000159528481_C1N1_s02",
                "altText": null,
                "galleryIndex": null,
                "width": null
            },
            "ranking": 20.911090057717,
            "depositPrice": "",
            "averageWeight": null,
            "comparePrice": "548,75 kr",
            "comparePriceUnit": "kg",
            "isDrugProduct": false,
            "solrSearchScore": 0.7614262700080872,
            "energyDeclaration": null,
            "newsSplashProduct": false,
            "notAllowedB2b": false,
            "notAllowedAnonymous": false,
            "productLine2": "BE-KIND, 40g",
            "pickupProductLine2": "BE-KIND, 40g",
            "priceUnit": "kr/st",
            "priceNoUnit": "21,95",
            "savingsAmount": 5.9,
            "googleAnalyticsCategory": "halsa-och-skonhet|traning-",
            "gdprTrackingIncompliant": false,
            "nicotineMedicalProduct": false,
            "tobaccoFreeNicotineProduct": false,
            "nonEkoProduct": false,
            "precautionaryStatements": [],
            "hazards": [],
            "tobaccoProduct": false,
            "showGoodPriceIcon": true,
            "labels": [],
            "seoDescription": "",
            "seoTitle": "",
            "manufacturer": "Be-kind",
            "incrementValue": 1.0,
            "productBasketType": {
                "code": "ST",
                "type": "ProductBasketTypeEnum"
            },
            "bargainProduct": false,
            "addToCartMessage": "",
            "thumbnail": {
                "imageType": "PRIMARY",
                "format": "thumbnail",
                "url": "https://assets.axfood.se/image/upload/f_auto,t_100/05000159528481_C1N1_s02",
                "altText": null,
                "galleryIndex": null,
                "width": null
            },
            "outOfStock": false,
            "online": true,
            "displayVolume": "40g",
            "addToCartDisabled": false,
            "name": "Dark Chocolate Nuts & Sea Salt Bar",
            "code": "101300808_ST"
        },
        {
            "potentialPromotions": [
                {
                    "threshold": null,
                    "applied": false,
                    "campaignType": "GENERAL",
                    "offerStatus": null,
                    "productCodes": [
                        "101547637_ST",
                        "101547639_ST"
                    ],
                    "promotionTheme": {
                        "code": "Z019",
                        "visible": null
                    },
                    "textLabelGenerated": "Alltid bra pris!",
                    "textLabelManual": null,
                    "lowestHistoricalPrice": null,
                    "price": {
                        "currencyIso": "SEK",
                        "value": 34.0,
                        "priceType": "BUY",
                        "formattedValue": "34,00 kr",
                        "minQuantity": null,
                        "maxQuantity": null
                    },
                    "promotionType": "MixMatchPricePromotion",
                    "conditionLabel": "2 för",
                    "rewardLabel": "68 kr",
                    "textLabel": "Alltid bra pris!",
                    "redeemLimitLabel": "",
                    "cartLabel": null,
                    "validUntil": null,
                    "timesUsed": null,
                    "qualifyingCount": 2,
                    "comparePrice": "680,00 kr",
                    "splashTitleText": "Alltid bra pris",
                    "realMixAndMatch": true,
                    "mainProductCode": "101547637_ST",
                    "conditionLabelFormatted": "",
                    "promotionRedeemLimit": null,
                    "promotionPercentage": null,
                    "cartLabelFormatted": "",
                    "priority": 208,
                    "code": "10009465003"
                }
            ],
            "inactivePotentialPromotions": [],
            "priceValue": 37.95,
            "price": "37,95 kr",
            "image": {
                "imageType": "PRIMARY",
                "format": "product",
                "url": "https://assets.axfood.se/image/upload/f_auto,t_200/00000059092544_C1N1_s02",
                "altText": null,
                "galleryIndex": null,
                "width": null
            },
            "ranking": 20.9110900544402,
            "depositPrice": "",
            "averageWeight": null,
            "comparePrice": "759,00 kr",
            "comparePriceUnit": "l",
            "isDrugProduct": false,
            "solrSearchScore": 0.7614262700080872,
            "energyDeclaration": null,
            "newsSplashProduct": false,
            "notAllowedB2b": false,
            "notAllowedAnonymous": false,
            "productLine2": "AXE, 50ml",
            "pickupProductLine2": "AXE, 50ml",
            "priceUnit": "kr/st",
            "priceNoUnit": "37,95",
            "savingsAmount": 7.9,
            "googleAnalyticsCategory": "halsa-och-skonhet|kroppsvard|deodorant-for-man",
            "gdprTrackingIncompliant": false,
            "nicotineMedicalProduct": false,
            "tobaccoFreeNicotineProduct": false,
            "nonEkoProduct": false,
            "precautionaryStatements": [],
            "hazards": [],
            "tobaccoProduct": false,
            "showGoodPriceIcon": true,
            "labels": [],
            "seoDescription": "",
            "seoTitle": "",
            "manufacturer": "Axe",
            "incrementValue": 1.0,
            "productBasketType": {
                "code": "ST",
                "type": "ProductBasketTypeEnum"
            },
            "bargainProduct": false,
            "addToCartMessage": "",
            "thumbnail": {
                "imageType": "PRIMARY",
                "format": "thumbnail",
                "url": "https://assets.axfood.se/image/upload/f_auto,t_100/00000059092544_C1N1_s02",
                "altText": null,
                "galleryIndex": null,
                "width": null
            },
            "outOfStock": false,
            "online": true,
            "displayVolume": "50ml",
            "addToCartDisabled": false,
            "name": "Dark Temtation Men Deo Roll On",
            "code": "101547637_ST"
        },
        {
            "potentialPromotions": [
                {
                    "threshold": null,
                    "applied": false,
                    "campaignType": "GENERAL",
                    "offerStatus": null,
                    "productCodes": [
                        "100459861_ST",
                        "100459870_ST",
                        "100459843_ST"
                    ],
                    "promotionTheme": {
                        "code": "Z019",
                        "visible": null
                    },
                    "textLabelGenerated": "Alltid bra pris!",
                    "textLabelManual": null,
                    "lowestHistoricalPrice": null,
                    "price": {
                        "currencyIso": "SEK",
                        "value": 12.5,
                        "priceType": "BUY",
                        "formattedValue": "12,50 kr",
                        "minQuantity": null,
                        "maxQuantity": null
                    },
                    "promotionType": "MixMatchPricePromotion",
                    "conditionLabel": "2 för",
                    "rewardLabel": "25 kr",
                    "textLabel": "Alltid bra pris!",
                    "redeemLimitLabel": "",
                    "cartLabel": null,
                    "validUntil": null,
                    "timesUsed": null,
                    "qualifyingCount": 2,
                    "comparePrice": "312,50 kr",
                    "splashTitleText": "Alltid bra pris",
                    "realMixAndMatch": true,
                    "mainProductCode": "100459843_ST",
                    "conditionLabelFormatted": "",
                    "promotionRedeemLimit": null,
                    "promotionPercentage": null,
                    "cartLabelFormatted": "",
                    "priority": 208,
                    "code": "10009465002"
                }
            ],
            "inactivePotentialPromotions": [],
            "priceValue": 14.95,
            "price": "14,95 kr",
            "image": {
                "imageType": "PRIMARY",
                "format": "product",
                "url": "https://assets.axfood.se/image/upload/f_auto,t_200/00000057540597_C1N1_s01",
                "altText": null,
                "galleryIndex": null,
                "width": null
            },
            "ranking": 20.9110900511634,
            "depositPrice": "",
            "averageWeight": null,
            "comparePrice": "373,75 kr",
            "comparePriceUnit": "kg",
            "isDrugProduct": false,
            "solrSearchScore": 0.7614262700080872,
            "energyDeclaration": null,
            "newsSplashProduct": false,
            "notAllowedB2b": false,
            "notAllowedAnonymous": false,
            "productLine2": "ANTHON BERG, 40g",
            "pickupProductLine2": "ANTHON BERG, 40g",
            "priceUnit": "kr/st",
            "priceNoUnit": "14,95",
            "savingsAmount": 4.9,
            "googleAnalyticsCategory": "godis-snacks-och-glass|choklad|chokladgodis",
            "gdprTrackingIncompliant": false,
            "nicotineMedicalProduct": false,
            "tobaccoFreeNicotineProduct": false,
            "nonEkoProduct": false,
            "precautionaryStatements": [],
            "hazards": [],
            "tobaccoProduct": false,
            "showGoodPriceIcon": true,
            "labels": [
                "rainforest_alliance",
                "environmental_facet"
            ],
            "seoDescription": "",
            "seoTitle": "",
            "manufacturer": "Anthon Berg",
            "incrementValue": 1.0,
            "productBasketType": {
                "code": "ST",
                "type": "ProductBasketTypeEnum"
            },
            "bargainProduct": false,
            "addToCartMessage": "",
            "thumbnail": {
                "imageType": "PRIMARY",
                "format": "thumbnail",
                "url": "https://assets.axfood.se/image/upload/f_auto,t_100/00000057540597_C1N1_s01",
                "altText": null,
                "galleryIndex": null,
                "width": null
            },
            "outOfStock": false,
            "online": true,
            "displayVolume": "40g",
            "addToCartDisabled": false,
            "name": "Marsipanbröd",
            "code": "100459843_ST"
        },
        {
            "potentialPromotions": [
                {
                    "threshold": null,
                    "applied": false,
                    "campaignType": "GENERAL",
                    "offerStatus": null,
                    "productCodes": [
                        "101296315_ST"
                    ],
                    "promotionTheme": {
                        "code": "Z019",
                        "visible": null
                    },
                    "textLabelGenerated": "Alltid bra pris!",
                    "textLabelManual": null,
                    "lowestHistoricalPrice": null,
                    "price": {
                        "currencyIso": "SEK",
                        "value": 24.0,
                        "priceType": "BUY",
                        "formattedValue": "24,00 kr",
                        "minQuantity": null,
                        "maxQuantity": null
                    },
                    "promotionType": "MixMatchPricePromotion",
                    "conditionLabel": "2 för",
                    "rewardLabel": "48 kr",
                    "textLabel": "Alltid bra pris!",
                    "redeemLimitLabel": "",
                    "cartLabel": null,
                    "validUntil": null,
                    "timesUsed": null,
                    "qualifyingCount": 2,
                    "comparePrice": "126,32 kr",
                    "splashTitleText": "Alltid bra pris",
                    "realMixAndMatch": true,
                    "mainProductCode": "101296315_ST",
                    "conditionLabelFormatted": "",
                    "promotionRedeemLimit": null,
                    "promotionPercentage": null,
                    "cartLabelFormatted": "",
                    "priority": 208,
                    "code": "10009465001"
                }
            ],
            "inactivePotentialPromotions": [],
            "priceValue": 25.95,
            "price": "25,95 kr",
            "image": {
                "imageType": "PRIMARY",
                "format": "product",
                "url": "https://assets.axfood.se/image/upload/f_auto,t_200/07310240072341_C1N1_s01",
                "altText": null,
                "galleryIndex": null,
                "width": null
            },
            "ranking": 20.9110900478866,
            "depositPrice": "",
            "averageWeight": null,
            "comparePrice": "136,58 kr",
            "comparePriceUnit": "kg",
            "isDrugProduct": false,
            "solrSearchScore": 0.7614262700080872,
            "energyDeclaration": null,
            "newsSplashProduct": false,
            "notAllowedB2b": false,
            "notAllowedAnonymous": false,
            "productLine2": "ANAMMA, 190g",
            "pickupProductLine2": "ANAMMA, 190g",
            "priceUnit": "kr/st",
            "priceNoUnit": "25,95",
            "savingsAmount": 3.9,
            "googleAnalyticsCategory": "fryst|pizza-paj-och-piroger|pizza",
            "gdprTrackingIncompliant": false,
            "nicotineMedicalProduct": false,
            "tobaccoFreeNicotineProduct": false,
            "nonEkoProduct": false,
            "precautionaryStatements": [],
            "hazards": [],
            "tobaccoProduct": false,
            "showGoodPriceIcon": true,
            "labels": [],
            "seoDescription": "",
            "seoTitle": "",
            "manufacturer": "Anamma",
            "incrementValue": 1.0,
            "productBasketType": {
                "code": "ST",
                "type": "ProductBasketTypeEnum"
            },
            "bargainProduct": false,
            "addToCartMessage": "",
            "thumbnail": {
                "imageType": "PRIMARY",
                "format": "thumbnail",
                "url": "https://assets.axfood.se/image/upload/f_auto,t_100/07310240072341_C1N1_s01",
                "altText": null,
                "galleryIndex": null,
                "width": null
            },
            "outOfStock": false,
            "online": true,
            "displayVolume": "190g",
            "addToCartDisabled": false,
            "name": "Vego Vesuvio Vegansk Pizza Fryst",
            "code": "101296315_ST"
        },
        {
            "potentialPromotions": [
                {
                    "threshold": 0.0,
                    "applied": false,
                    "campaignType": "GENERAL",
                    "offerStatus": null,
                    "productCodes": null,
                    "promotionTheme": {
                        "code": "Z019",
                        "visible": null
                    },
                    "textLabelGenerated": "Alltid bra pris!",
                    "textLabelManual": null,
                    "lowestHistoricalPrice": null,
                    "price": {
                        "currencyIso": "SEK",
                        "value": 129.0,
                        "priceType": "BUY",
                        "formattedValue": "129,00 kr/kg",
                        "minQuantity": null,
                        "maxQuantity": null
                    },
                    "promotionType": "SubtotalOrderPromotion",
                    "conditionLabel": "",
                    "rewardLabel": "129 kr/kg",
                    "textLabel": "Alltid bra pris!",
                    "redeemLimitLabel": "",
                    "cartLabel": null,
                    "validUntil": null,
                    "timesUsed": null,
                    "qualifyingCount": null,
                    "comparePrice": "129,00 kr/kg",
                    "splashTitleText": "Alltid bra pris",
                    "realMixAndMatch": false,
                    "mainProductCode": "101253219_KG",
                    "conditionLabelFormatted": "",
                    "promotionRedeemLimit": null,
                    "promotionPercentage": null,
                    "cartLabelFormatted": "",
                    "priority": 209,
                    "code": "10009465501"
                },
                {
                    "threshold": 0.0,
                    "applied": false,
                    "campaignType": "GENERAL",
                    "offerStatus": null,
                    "productCodes": null,
                    "promotionTheme": {
                        "code": "Z019",
                        "visible": null
                    },
                    "textLabelGenerated": "Alltid bra pris!",
                    "textLabelManual": null,
                    "lowestHistoricalPrice": null,
                    "price": {
                        "currencyIso": "SEK",
                        "value": 129.0,
                        "priceType": "BUY",
                        "formattedValue": "129,00 kr/kg",
                        "minQuantity": null,
                        "maxQuantity": null
                    },
                    "promotionType": "SubtotalOrderPromotion",
                    "conditionLabel": "",
                    "rewardLabel": "129 kr/kg",
                    "textLabel": "Alltid bra pris!",
                    "redeemLimitLabel": "",
                    "cartLabel": null,
                    "validUntil": null,
                    "timesUsed": null,
                    "qualifyingCount": null,
                    "comparePrice": "129,00 kr/kg",
                    "splashTitleText": "Alltid bra pris",
                    "realMixAndMatch": false,
                    "mainProductCode": "101253219_KG",
                    "conditionLabelFormatted": "",
                    "promotionRedeemLimit": null,
                    "promotionPercentage": null,
                    "cartLabelFormatted": "",
                    "priority": 209,
                    "code": "10009465338"
                }
            ],
            "inactivePotentialPromotions": [],
            "priceValue": 129.0,
            "price": "129,00 kr/kg",
            "image": {
                "imageType": "PRIMARY",
                "format": "product",
                "url": "https://assets.axfood.se/image/upload/f_auto,t_200/02359632700009_C1L1_s04",
                "altText": null,
                "galleryIndex": null,
                "width": null
            },
            "ranking": 20.9110898807698,
            "depositPrice": "",
            "averageWeight": 0.85,
            "comparePrice": "129,00 kr",
            "comparePriceUnit": "kg",
            "isDrugProduct": false,
            "solrSearchScore": 0.7614262700080872,
            "energyDeclaration": null,
            "newsSplashProduct": false,
            "notAllowedB2b": false,
            "notAllowedAnonymous": false,
            "productLine2": "GARANT, ca: 850g",
            "pickupProductLine2": "GARANT, ca: 850g",
            "priceUnit": "kr/kg",
            "priceNoUnit": "129,00",
            "savingsAmount": 0.0,
            "googleAnalyticsCategory": "kott-fagel-och-chark|fagel-|farsk-fagel",
            "gdprTrackingIncompliant": false,
            "nicotineMedicalProduct": false,
            "tobaccoFreeNicotineProduct": false,
            "nonEkoProduct": false,
            "precautionaryStatements": [],
            "hazards": [],
            "tobaccoProduct": false,
            "showGoodPriceIcon": true,
            "labels": [
                "swedish_flag",
                "swedish_bird",
                "keyhole"
            ],
            "seoDescription": "",
            "seoTitle": "",
            "manufacturer": "Garant",
            "incrementValue": 1.0,
            "productBasketType": {
                "code": "ST",
                "type": "ProductBasketTypeEnum"
            },
            "bargainProduct": false,
            "addToCartMessage": "",
            "thumbnail": {
                "imageType": "PRIMARY",
                "format": "thumbnail",
                "url": "https://assets.axfood.se/image/upload/f_auto,t_100/02359632700009_C1L1_s04",
                "altText": null,
                "galleryIndex": null,
                "width": null
            },
            "outOfStock": false,
            "online": true,
            "displayVolume": "ca: 850g",
            "addToCartDisabled": false,
            "name": "Kycklinglårfil Färsk Sverige",
            "code": "101253219_KG"
        },
        {
            "potentialPromotions": [
                {
                    "threshold": null,
                    "applied": false,
                    "campaignType": "GENERAL",
                    "offerStatus": null,
                    "productCodes": [
                        "101351867_ST",
                        "101351868_ST"
                    ],
                    "promotionTheme": {
                        "code": "Z019",
                        "visible": null
                    },
                    "textLabelGenerated": "Alltid bra pris!",
                    "textLabelManual": null,
                    "lowestHistoricalPrice": null,
                    "price": {
                        "currencyIso": "SEK",
                        "value": 10.0,
                        "priceType": "BUY",
                        "formattedValue": "10,00 kr",
                        "minQuantity": null,
                        "maxQuantity": null
                    },
                    "promotionType": "MixMatchPricePromotion",
                    "conditionLabel": "",
                    "rewardLabel": "10 kr",
                    "textLabel": "Alltid bra pris!",
                    "redeemLimitLabel": "",
                    "cartLabel": null,
                    "validUntil": null,
                    "timesUsed": null,
                    "qualifyingCount": 1,
                    "comparePrice": "50,00 kr",
                    "splashTitleText": "Alltid bra pris",
                    "realMixAndMatch": false,
                    "mainProductCode": "101351867_ST",
                    "conditionLabelFormatted": "",
                    "promotionRedeemLimit": null,
                    "promotionPercentage": null,
                    "cartLabelFormatted": "",
                    "priority": 208,
                    "code": "10009465489"
                },
                {
                    "threshold": null,
                    "applied": false,
                    "campaignType": "GENERAL",
                    "offerStatus": null,
                    "productCodes": [
                        "101351867_ST",
                        "101351868_ST"
                    ],
                    "promotionTheme": {
                        "code": "Z019",
                        "visible": null
                    },
                    "textLabelGenerated": "Alltid bra pris!",
                    "textLabelManual": null,
                    "lowestHistoricalPrice": null,
                    "price": {
                        "currencyIso": "SEK",
                        "value": 10.0,
                        "priceType": "BUY",
                        "formattedValue": "10,00 kr",
                        "minQuantity": null,
                        "maxQuantity": null
                    },
                    "promotionType": "MixMatchPricePromotion",
                    "conditionLabel": "",
                    "rewardLabel": "10 kr",
                    "textLabel": "Alltid bra pris!",
                    "redeemLimitLabel": "",
                    "cartLabel": null,
                    "validUntil": null,
                    "timesUsed": null,
                    "qualifyingCount": 1,
                    "comparePrice": "50,00 kr",
                    "splashTitleText": "Alltid bra pris",
                    "realMixAndMatch": false,
                    "mainProductCode": "101351867_ST",
                    "conditionLabelFormatted": "",
                    "promotionRedeemLimit": null,
                    "promotionPercentage": null,
                    "cartLabelFormatted": "",
                    "priority": 208,
                    "code": "10009465337"
                }
            ],
            "inactivePotentialPromotions": [],
            "priceValue": 10.0,
            "price": "10,00 kr",
            "image": {
                "imageType": "PRIMARY",
                "format": "product",
                "url": "https://assets.axfood.se/image/upload/f_auto,t_200/07340083492129_C1L1_s01",
                "altText": null,
                "galleryIndex": null,
                "width": null
            },
            "ranking": 20.9110898742162,
            "depositPrice": "",
            "averageWeight": null,
            "comparePrice": "50,00 kr",
            "comparePriceUnit": "kg",
            "isDrugProduct": false,
            "solrSearchScore": 0.7614262700080872,
            "energyDeclaration": null,
            "newsSplashProduct": false,
            "notAllowedB2b": false,
            "notAllowedAnonymous": false,
            "productLine2": "GARANT, 200g",
            "pickupProductLine2": "GARANT, 200g",
            "priceUnit": "kr/st",
            "priceNoUnit": "10,00",
            "savingsAmount": 0.0,
            "googleAnalyticsCategory": "kott-fagel-och-chark|palagg|pastej-och-pat-",
            "gdprTrackingIncompliant": false,
            "nicotineMedicalProduct": false,
            "tobaccoFreeNicotineProduct": false,
            "nonEkoProduct": false,
            "precautionaryStatements": [],
            "hazards": [],
            "tobaccoProduct": false,
            "showGoodPriceIcon": true,
            "labels": [
                "swedish_flag",
                "meat_from_sweden"
            ],
            "seoDescription": "",
            "seoTitle": "",
            "manufacturer": "Garant",
            "incrementValue": 1.0,
            "productBasketType": {
                "code": "ST",
                "type": "ProductBasketTypeEnum"
            },
            "bargainProduct": false,
            "addToCartMessage": "",
            "thumbnail": {
                "imageType": "PRIMARY",
                "format": "thumbnail",
                "url": "https://assets.axfood.se/image/upload/f_auto,t_100/07340083492129_C1L1_s01",
                "altText": null,
                "galleryIndex": null,
                "width": null
            },
            "outOfStock": false,
            "online": true,
            "displayVolume": "200g",
            "addToCartDisabled": false,
            "name": "Leverpastej Original Bredbar",
            "code": "101351867_ST"
        },
        {
            "potentialPromotions": [
                {
                    "threshold": null,
                    "applied": false,
                    "campaignType": "GENERAL",
                    "offerStatus": null,
                    "productCodes": [
                        "101421964_ST"
                    ],
                    "promotionTheme": {
                        "code": "Z019",
                        "visible": null
                    },
                    "textLabelGenerated": "Alltid bra pris!",
                    "textLabelManual": null,
                    "lowestHistoricalPrice": null,
                    "price": {
                        "currencyIso": "SEK",
                        "value": 54.95,
                        "priceType": "BUY",
                        "formattedValue": "54,95 kr",
                        "minQuantity": null,
                        "maxQuantity": null
                    },
                    "promotionType": "MixMatchPricePromotion",
                    "conditionLabel": "",
                    "rewardLabel": "54,95 kr",
                    "textLabel": "Alltid bra pris!",
                    "redeemLimitLabel": "",
                    "cartLabel": null,
                    "validUntil": null,
                    "timesUsed": null,
                    "qualifyingCount": 1,
                    "comparePrice": "183,16 kr",
                    "splashTitleText": "Alltid bra pris",
                    "realMixAndMatch": false,
                    "mainProductCode": "101421964_ST",
                    "conditionLabelFormatted": "",
                    "promotionRedeemLimit": null,
                    "promotionPercentage": null,
                    "cartLabelFormatted": "",
                    "priority": 208,
                    "code": "10009465488"
                }
            ],
            "inactivePotentialPromotions": [],
            "priceValue": 54.95,
            "price": "54,95 kr",
            "image": {
                "imageType": "PRIMARY",
                "format": "product",
                "url": "https://assets.axfood.se/image/upload/f_auto,t_200/07340083498244_C1N1_s01",
                "altText": null,
                "galleryIndex": null,
                "width": null
            },
            "ranking": 20.9110898709394,
            "depositPrice": "",
            "averageWeight": null,
            "comparePrice": "183,16 kr",
            "comparePriceUnit": "kg",
            "isDrugProduct": false,
            "solrSearchScore": 0.7614262700080872,
            "energyDeclaration": null,
            "newsSplashProduct": false,
            "notAllowedB2b": false,
            "notAllowedAnonymous": false,
            "productLine2": "GARANT, 300g",
            "pickupProductLine2": "GARANT, 300g",
            "priceUnit": "kr/st",
            "priceNoUnit": "54,95",
            "savingsAmount": 0.0,
            "googleAnalyticsCategory": "fryst|fisk-och-skaldjur|skaldjur-och-havsdelikatesser",
            "gdprTrackingIncompliant": false,
            "nicotineMedicalProduct": false,
            "tobaccoFreeNicotineProduct": false,
            "nonEkoProduct": true,
            "precautionaryStatements": [],
            "hazards": [],
            "tobaccoProduct": false,
            "showGoodPriceIcon": true,
            "labels": [
                "krav",
                "msc_fish",
                "keyhole",
                "environmental_facet"
            ],
            "seoDescription": "",
            "seoTitle": "",
            "manufacturer": "Garant",
            "incrementValue": 1.0,
            "productBasketType": {
                "code": "ST",
                "type": "ProductBasketTypeEnum"
            },
            "bargainProduct": false,
            "addToCartMessage": "",
            "thumbnail": {
                "imageType": "PRIMARY",
                "format": "thumbnail",
                "url": "https://assets.axfood.se/image/upload/f_auto,t_100/07340083498244_C1N1_s01",
                "altText": null,
                "galleryIndex": null,
                "width": null
            },
            "outOfStock": false,
            "online": true,
            "displayVolume": "300g",
            "addToCartDisabled": false,
            "name": "Ishavsräkor Skalade 150/250 Frysta",
            "code": "101421964_ST"
        },
        {
            "potentialPromotions": [
                {
                    "threshold": null,
                    "applied": false,
                    "campaignType": "GENERAL",
                    "offerStatus": null,
                    "productCodes": [
                        "100942027_ST"
                    ],
                    "promotionTheme": {
                        "code": "Z019",
                        "visible": null
                    },
                    "textLabelGenerated": "Alltid bra pris!",
                    "textLabelManual": null,
                    "lowestHistoricalPrice": null,
                    "price": {
                        "currencyIso": "SEK",
                        "value": 14.95,
                        "priceType": "BUY",
                        "formattedValue": "14,95 kr",
                        "minQuantity": null,
                        "maxQuantity": null
                    },
                    "promotionType": "MixMatchPricePromotion",
                    "conditionLabel": "",
                    "rewardLabel": "14,95 kr",
                    "textLabel": "Alltid bra pris!",
                    "redeemLimitLabel": "",
                    "cartLabel": null,
                    "validUntil": null,
                    "timesUsed": null,
                    "qualifyingCount": 1,
                    "comparePrice": "29,90 kr",
                    "splashTitleText": "Alltid bra pris",
                    "realMixAndMatch": false,
                    "mainProductCode": "100942027_ST",
                    "conditionLabelFormatted": "",
                    "promotionRedeemLimit": null,
                    "promotionPercentage": null,
                    "cartLabelFormatted": "",
                    "priority": 208,
                    "code": "10009465487"
                }
            ],
            "inactivePotentialPromotions": [],
            "priceValue": 14.95,
            "price": "14,95 kr",
            "image": {
                "imageType": "PRIMARY",
                "format": "product",
                "url": "https://assets.axfood.se/image/upload/f_auto,t_200/07311042001614_C1N1_s02",
                "altText": null,
                "galleryIndex": null,
                "width": null
            },
            "ranking": 20.9110898676626,
            "depositPrice": "",
            "averageWeight": null,
            "comparePrice": "29,90 kr",
            "comparePriceUnit": "kg",
            "isDrugProduct": false,
            "solrSearchScore": 0.7614262700080872,
            "energyDeclaration": null,
            "newsSplashProduct": false,
            "notAllowedB2b": false,
            "notAllowedAnonymous": false,
            "productLine2": "GARANT, 500g",
            "pickupProductLine2": "GARANT, 500g",
            "priceUnit": "kr/st",
            "priceNoUnit": "14,95",
            "savingsAmount": 0.0,
            "googleAnalyticsCategory": "frukt-och-gront|kal-och-rotsaker|rotfrukter",
            "gdprTrackingIncompliant": false,
            "nicotineMedicalProduct": false,
            "tobaccoFreeNicotineProduct": false,
            "nonEkoProduct": false,
            "precautionaryStatements": [],
            "hazards": [],
            "tobaccoProduct": false,
            "showGoodPriceIcon": true,
            "labels": [
                "swedish_flag",
                "keyhole"
            ],
            "seoDescription": "",
            "seoTitle": "",
            "manufacturer": "Garant",
            "incrementValue": 1.0,
            "productBasketType": {
                "code": "ST",
                "type": "ProductBasketTypeEnum"
            },
            "bargainProduct": false,
            "addToCartMessage": "",
            "thumbnail": {
                "imageType": "PRIMARY",
                "format": "thumbnail",
                "url": "https://assets.axfood.se/image/upload/f_auto,t_100/07311042001614_C1N1_s02",
                "altText": null,
                "galleryIndex": null,
                "width": null
            },
            "outOfStock": false,
            "online": true,
            "displayVolume": "500g",
            "addToCartDisabled": false,
            "name": "Palsternacka Klass 1",
            "code": "100942027_ST"
        },
        {
            "potentialPromotions": [
                {
                    "threshold": null,
                    "applied": false,
                    "campaignType": "GENERAL",
                    "offerStatus": null,
                    "productCodes": [
                        "100638035_ST"
                    ],
                    "promotionTheme": {
                        "code": "Z019",
                        "visible": null
                    },
                    "textLabelGenerated": "Alltid bra pris!",
                    "textLabelManual": null,
                    "lowestHistoricalPrice": null,
                    "price": {
                        "currencyIso": "SEK",
                        "value": 39.95,
                        "priceType": "BUY",
                        "formattedValue": "39,95 kr",
                        "minQuantity": null,
                        "maxQuantity": null
                    },
                    "promotionType": "MixMatchPricePromotion",
                    "conditionLabel": "",
                    "rewardLabel": "39,95 kr",
                    "textLabel": "Alltid bra pris!",
                    "redeemLimitLabel": "",
                    "cartLabel": null,
                    "validUntil": null,
                    "timesUsed": null,
                    "qualifyingCount": 1,
                    "comparePrice": "53,27 kr",
                    "splashTitleText": "Alltid bra pris",
                    "realMixAndMatch": false,
                    "mainProductCode": "100638035_ST",
                    "conditionLabelFormatted": "",
                    "promotionRedeemLimit": null,
                    "promotionPercentage": null,
                    "cartLabelFormatted": "",
                    "priority": 208,
                    "code": "10009465485"
                }
            ],
            "inactivePotentialPromotions": [],
            "priceValue": 39.95,
            "price": "39,95 kr",
            "image": {
                "imageType": "PRIMARY",
                "format": "product",
                "url": "https://assets.axfood.se/image/upload/f_auto,t_200/07310130801709_C1R1_s07",
                "altText": null,
                "galleryIndex": null,
                "width": null
            },
            "ranking": 20.9110898643858,
            "depositPrice": "",
            "averageWeight": null,
            "comparePrice": "53,27 kr",
            "comparePriceUnit": "kg",
            "isDrugProduct": false,
            "solrSearchScore": 0.7614262700080872,
            "energyDeclaration": null,
            "newsSplashProduct": false,
            "notAllowedB2b": false,
            "notAllowedAnonymous": false,
            "productLine2": "START!, 750g",
            "pickupProductLine2": "START!, 750g",
            "priceUnit": "kr/st",
            "priceNoUnit": "39,95",
            "savingsAmount": 0.0,
            "googleAnalyticsCategory": "skafferi|flingor-och-musli|musli-crunchy-och-granola",
            "gdprTrackingIncompliant": false,
            "nicotineMedicalProduct": false,
            "tobaccoFreeNicotineProduct": false,
            "nonEkoProduct": false,
            "precautionaryStatements": [],
            "hazards": [],
            "tobaccoProduct": false,
            "showGoodPriceIcon": true,
            "labels": [],
            "seoDescription": "",
            "seoTitle": "",
            "manufacturer": "Start!",
            "incrementValue": 1.0,
            "productBasketType": {
                "code": "ST",
                "type": "ProductBasketTypeEnum"
            },
            "bargainProduct": false,
            "addToCartMessage": "",
            "thumbnail": {
                "imageType": "PRIMARY",
                "format": "thumbnail",
                "url": "https://assets.axfood.se/image/upload/f_auto,t_100/07310130801709_C1R1_s07",
                "altText": null,
                "galleryIndex": null,
                "width": null
            },
            "outOfStock": false,
            "online": true,
            "displayVolume": "750g",
            "addToCartDisabled": false,
            "name": "Start Naturell Granola Müsli",
            "code": "100638035_ST"
        },
        {
            "potentialPromotions": [
                {
                    "threshold": null,
                    "applied": false,
                    "campaignType": "GENERAL",
                    "offerStatus": null,
                    "productCodes": [
                        "101241365_ST"
                    ],
                    "promotionTheme": {
                        "code": "Z019",
                        "visible": null
                    },
                    "textLabelGenerated": "Alltid bra pris!",
                    "textLabelManual": null,
                    "lowestHistoricalPrice": null,
                    "price": {
                        "currencyIso": "SEK",
                        "value": 17.95,
                        "priceType": "BUY",
                        "formattedValue": "17,95 kr",
                        "minQuantity": null,
                        "maxQuantity": null
                    },
                    "promotionType": "MixMatchPricePromotion",
                    "conditionLabel": "",
                    "rewardLabel": "17,95 kr",
                    "textLabel": "Alltid bra pris!",
                    "redeemLimitLabel": "",
                    "cartLabel": null,
                    "validUntil": null,
                    "timesUsed": null,
                    "qualifyingCount": 1,
                    "comparePrice": "44,88 kr",
                    "splashTitleText": "Alltid bra pris",
                    "realMixAndMatch": false,
                    "mainProductCode": "101241365_ST",
                    "conditionLabelFormatted": "",
                    "promotionRedeemLimit": null,
                    "promotionPercentage": null,
                    "cartLabelFormatted": "",
                    "priority": 208,
                    "code": "10009465484"
                }
            ],
            "inactivePotentialPromotions": [],
            "priceValue": 17.95,
            "price": "17,95 kr",
            "image": {
                "imageType": "PRIMARY",
                "format": "product",
                "url": "https://assets.axfood.se/image/upload/f_auto,t_200/07611612141109_C1N1_s01",
                "altText": null,
                "galleryIndex": null,
                "width": null
            },
            "ranking": 20.911089861109,
            "depositPrice": "",
            "averageWeight": null,
            "comparePrice": "44,88 kr",
            "comparePriceUnit": "kg",
            "isDrugProduct": false,
            "solrSearchScore": 0.7614262700080872,
            "energyDeclaration": null,
            "newsSplashProduct": false,
            "notAllowedB2b": false,
            "notAllowedAnonymous": false,
            "productLine2": "MONTE CASTELLO, 400g",
            "pickupProductLine2": "MONTE CASTELLO, 400g",
            "priceUnit": "kr/st",
            "priceNoUnit": "17,95",
            "savingsAmount": 0.0,
            "googleAnalyticsCategory": "fardigmat|pizza-paj-och-piroger|degar",
            "gdprTrackingIncompliant": false,
            "nicotineMedicalProduct": false,
            "tobaccoFreeNicotineProduct": false,
            "nonEkoProduct": false,
            "precautionaryStatements": [],
            "hazards": [],
            "tobaccoProduct": false,
            "showGoodPriceIcon": true,
            "labels": [],
            "seoDescription": "",
            "seoTitle": "",
            "manufacturer": "Monte Castello",
            "incrementValue": 1.0,
            "productBasketType": {
                "code": "ST",
                "type": "ProductBasketTypeEnum"
            },
            "bargainProduct": false,
            "addToCartMessage": "",
            "thumbnail": {
                "imageType": "PRIMARY",
                "format": "thumbnail",
                "url": "https://assets.axfood.se/image/upload/f_auto,t_100/07611612141109_C1N1_s01",
                "altText": null,
                "galleryIndex": null,
                "width": null
            },
            "outOfStock": false,
            "online": true,
            "displayVolume": "400g",
            "addToCartDisabled": false,
            "name": "Pizzadeg",
            "code": "101241365_ST"
        },
        {
            "potentialPromotions": [
                {
                    "threshold": null,
                    "applied": false,
                    "campaignType": "GENERAL",
                    "offerStatus": null,
                    "productCodes": [
                        "101553903_ST"
                    ],
                    "promotionTheme": {
                        "code": "Z019",
                        "visible": null
                    },
                    "textLabelGenerated": "Alltid bra pris!",
                    "textLabelManual": null,
                    "lowestHistoricalPrice": null,
                    "price": {
                        "currencyIso": "SEK",
                        "value": 24.95,
                        "priceType": "BUY",
                        "formattedValue": "24,95 kr",
                        "minQuantity": null,
                        "maxQuantity": null
                    },
                    "promotionType": "MixMatchPricePromotion",
                    "conditionLabel": "",
                    "rewardLabel": "24,95 kr",
                    "textLabel": "Alltid bra pris!",
                    "redeemLimitLabel": "",
                    "cartLabel": null,
                    "validUntil": null,
                    "timesUsed": null,
                    "qualifyingCount": 1,
                    "comparePrice": "12,48 kr",
                    "splashTitleText": "Alltid bra pris",
                    "realMixAndMatch": false,
                    "mainProductCode": "101151076_ST",
                    "conditionLabelFormatted": "",
                    "promotionRedeemLimit": null,
                    "promotionPercentage": null,
                    "cartLabelFormatted": "",
                    "priority": 208,
                    "code": "10009465481"
                }
            ],
            "inactivePotentialPromotions": [],
            "priceValue": 24.95,
            "price": "24,95 kr",
            "image": {
                "imageType": "PRIMARY",
                "format": "product",
                "url": "https://assets.axfood.se/image/upload/f_auto,t_200/07311043009398_C1L1_s01",
                "altText": null,
                "galleryIndex": null,
                "width": null
            },
            "ranking": 20.9110898545554,
            "depositPrice": "",
            "averageWeight": null,
            "comparePrice": "12,48 kr",
            "comparePriceUnit": "kg",
            "isDrugProduct": false,
            "solrSearchScore": 0.7614262700080872,
            "energyDeclaration": null,
            "newsSplashProduct": false,
            "notAllowedB2b": false,
            "notAllowedAnonymous": false,
            "productLine2": "GARANT, 2kg",
            "pickupProductLine2": "GARANT, 2kg",
            "priceUnit": "kr/st",
            "priceNoUnit": "24,95",
            "savingsAmount": 0.0,
            "googleAnalyticsCategory": "skafferi|bakning|socker-och-honung",
            "gdprTrackingIncompliant": false,
            "nicotineMedicalProduct": false,
            "tobaccoFreeNicotineProduct": false,
            "nonEkoProduct": false,
            "precautionaryStatements": [],
            "hazards": [],
            "tobaccoProduct": false,
            "showGoodPriceIcon": true,
            "labels": [],
            "seoDescription": "",
            "seoTitle": "",
            "manufacturer": "Garant",
            "incrementValue": 1.0,
            "productBasketType": {
                "code": "ST",
                "type": "ProductBasketTypeEnum"
            },
            "bargainProduct": false,
            "addToCartMessage": "",
            "thumbnail": {
                "imageType": "PRIMARY",
                "format": "thumbnail",
                "url": "https://assets.axfood.se/image/upload/f_auto,t_100/07311043009398_C1L1_s01",
                "altText": null,
                "galleryIndex": null,
                "width": null
            },
            "outOfStock": false,
            "online": true,
            "displayVolume": "2kg",
            "addToCartDisabled": false,
            "name": "Strösocker",
            "code": "101553903_ST"
        },
        {
            "potentialPromotions": [
                {
                    "threshold": null,
                    "applied": false,
                    "campaignType": "GENERAL",
                    "offerStatus": null,
                    "productCodes": [
                        "101203812_ST"
                    ],
                    "promotionTheme": {
                        "code": "Z019",
                        "visible": null
                    },
                    "textLabelGenerated": "Alltid bra pris!",
                    "textLabelManual": null,
                    "lowestHistoricalPrice": null,
                    "price": {
                        "currencyIso": "SEK",
                        "value": 25.95,
                        "priceType": "BUY",
                        "formattedValue": "25,95 kr",
                        "minQuantity": null,
                        "maxQuantity": null
                    },
                    "promotionType": "MixMatchPricePromotion",
                    "conditionLabel": "",
                    "rewardLabel": "25,95 kr",
                    "textLabel": "Alltid bra pris!",
                    "redeemLimitLabel": "",
                    "cartLabel": null,
                    "validUntil": null,
                    "timesUsed": null,
                    "qualifyingCount": 1,
                    "comparePrice": "68,29 kr",
                    "splashTitleText": "Alltid bra pris",
                    "realMixAndMatch": false,
                    "mainProductCode": "101203812_ST",
                    "conditionLabelFormatted": "",
                    "promotionRedeemLimit": null,
                    "promotionPercentage": null,
                    "cartLabelFormatted": "",
                    "priority": 208,
                    "code": "10009465480"
                }
            ],
            "inactivePotentialPromotions": [],
            "priceValue": 25.95,
            "price": "25,95 kr",
            "image": {
                "imageType": "PRIMARY",
                "format": "product",
                "url": "https://assets.axfood.se/image/upload/f_auto,t_200/07340083405099_C1N1_s01",
                "altText": null,
                "galleryIndex": null,
                "width": null
            },
            "ranking": 20.9110898512786,
            "depositPrice": "",
            "averageWeight": null,
            "comparePrice": "68,29 kr",
            "comparePriceUnit": "kg",
            "isDrugProduct": false,
            "solrSearchScore": 0.7614262700080872,
            "energyDeclaration": null,
            "newsSplashProduct": false,
            "notAllowedB2b": false,
            "notAllowedAnonymous": false,
            "productLine2": "GARANT, 560/380g",
            "pickupProductLine2": "GARANT, 560/380g",
            "priceUnit": "kr/st",
            "priceNoUnit": "25,95",
            "savingsAmount": 0.0,
            "googleAnalyticsCategory": "skafferi|konserver-och-burkar|inlagda-gronsaker",
            "gdprTrackingIncompliant": false,
            "nicotineMedicalProduct": false,
            "tobaccoFreeNicotineProduct": false,
            "nonEkoProduct": false,
            "precautionaryStatements": [],
            "hazards": [],
            "tobaccoProduct": false,
            "showGoodPriceIcon": true,
            "labels": [
                "swedish_flag",
                "from_sweden"
            ],
            "seoDescription": "",
            "seoTitle": "",
            "manufacturer": "Garant",
            "incrementValue": 1.0,
            "productBasketType": {
                "code": "ST",
                "type": "ProductBasketTypeEnum"
            },
            "bargainProduct": false,
            "addToCartMessage": "",
            "thumbnail": {
                "imageType": "PRIMARY",
                "format": "thumbnail",
                "url": "https://assets.axfood.se/image/upload/f_auto,t_100/07340083405099_C1N1_s01",
                "altText": null,
                "galleryIndex": null,
                "width": null
            },
            "outOfStock": false,
            "online": true,
            "displayVolume": "560/380g",
            "addToCartDisabled": false,
            "name": "Rödbeta Skivad",
            "code": "101203812_ST"
        },
        {
            "potentialPromotions": [
                {
                    "threshold": null,
                    "applied": false,
                    "campaignType": "GENERAL",
                    "offerStatus": null,
                    "productCodes": [
                        "101583995_ST"
                    ],
                    "promotionTheme": {
                        "code": "Z019",
                        "visible": null
                    },
                    "textLabelGenerated": "Alltid bra pris!",
                    "textLabelManual": null,
                    "lowestHistoricalPrice": null,
                    "price": {
                        "currencyIso": "SEK",
                        "value": 19.95,
                        "priceType": "BUY",
                        "formattedValue": "19,95 kr",
                        "minQuantity": null,
                        "maxQuantity": null
                    },
                    "promotionType": "MixMatchPricePromotion",
                    "conditionLabel": "",
                    "rewardLabel": "19,95 kr",
                    "textLabel": "Alltid bra pris!",
                    "redeemLimitLabel": "",
                    "cartLabel": null,
                    "validUntil": null,
                    "timesUsed": null,
                    "qualifyingCount": 1,
                    "comparePrice": "35,62 kr",
                    "splashTitleText": "Alltid bra pris",
                    "realMixAndMatch": false,
                    "mainProductCode": "101583995_ST",
                    "conditionLabelFormatted": "",
                    "promotionRedeemLimit": null,
                    "promotionPercentage": null,
                    "cartLabelFormatted": "",
                    "priority": 208,
                    "code": "10009465479"
                }
            ],
            "inactivePotentialPromotions": [],
            "priceValue": 19.95,
            "price": "19,95 kr",
            "image": {
                "imageType": "PRIMARY",
                "format": "product",
                "url": "https://assets.axfood.se/image/upload/f_auto,t_200/07311043011100_C1N1_s02",
                "altText": null,
                "galleryIndex": null,
                "width": null
            },
            "ranking": 20.9110898480018,
            "depositPrice": "",
            "averageWeight": null,
            "comparePrice": "35,62 kr",
            "comparePriceUnit": "kg",
            "isDrugProduct": false,
            "solrSearchScore": 0.7614262700080872,
            "energyDeclaration": null,
            "newsSplashProduct": false,
            "notAllowedB2b": false,
            "notAllowedAnonymous": false,
            "productLine2": "GARANT, 560g",
            "pickupProductLine2": "GARANT, 560g",
            "priceUnit": "kr/st",
            "priceNoUnit": "19,95",
            "savingsAmount": 0.0,
            "googleAnalyticsCategory": "skafferi|kryddor-och-smaksattare|ketchup-och-senap",
            "gdprTrackingIncompliant": false,
            "nicotineMedicalProduct": false,
            "tobaccoFreeNicotineProduct": false,
            "nonEkoProduct": false,
            "precautionaryStatements": [],
            "hazards": [],
            "tobaccoProduct": false,
            "showGoodPriceIcon": true,
            "labels": [],
            "seoDescription": "",
            "seoTitle": "",
            "manufacturer": "Garant",
            "incrementValue": 1.0,
            "productBasketType": {
                "code": "ST",
                "type": "ProductBasketTypeEnum"
            },
            "bargainProduct": false,
            "addToCartMessage": "",
            "thumbnail": {
                "imageType": "PRIMARY",
                "format": "thumbnail",
                "url": "https://assets.axfood.se/image/upload/f_auto,t_100/07311043011100_C1N1_s02",
                "altText": null,
                "galleryIndex": null,
                "width": null
            },
            "outOfStock": false,
            "online": true,
            "displayVolume": "560g",
            "addToCartDisabled": false,
            "name": "Ketchup",
            "code": "101583995_ST"
        },
        {
            "potentialPromotions": [
                {
                    "threshold": null,
                    "applied": false,
                    "campaignType": "GENERAL",
                    "offerStatus": null,
                    "productCodes": [
                        "101294578_ST"
                    ],
                    "promotionTheme": {
                        "code": "Z019",
                        "visible": null
                    },
                    "textLabelGenerated": "Alltid bra pris!",
                    "textLabelManual": null,
                    "lowestHistoricalPrice": null,
                    "price": {
                        "currencyIso": "SEK",
                        "value": 27.95,
                        "priceType": "BUY",
                        "formattedValue": "27,95 kr",
                        "minQuantity": null,
                        "maxQuantity": null
                    },
                    "promotionType": "MixMatchPricePromotion",
                    "conditionLabel": "",
                    "rewardLabel": "27,95 kr",
                    "textLabel": "Alltid bra pris!",
                    "redeemLimitLabel": "",
                    "cartLabel": null,
                    "validUntil": null,
                    "timesUsed": null,
                    "qualifyingCount": 1,
                    "comparePrice": "55,90 kr",
                    "splashTitleText": "Alltid bra pris",
                    "realMixAndMatch": false,
                    "mainProductCode": "101294578_ST",
                    "conditionLabelFormatted": "",
                    "promotionRedeemLimit": null,
                    "promotionPercentage": null,
                    "cartLabelFormatted": "",
                    "priority": 208,
                    "code": "10009465477"
                }
            ],
            "inactivePotentialPromotions": [],
            "priceValue": 27.95,
            "price": "27,95 kr",
            "image": {
                "imageType": "PRIMARY",
                "format": "product",
                "url": "https://assets.axfood.se/image/upload/f_auto,t_200/07340083475641_C1L1_s01",
                "altText": null,
                "galleryIndex": null,
                "width": null
            },
            "ranking": 20.9110898414482,
            "depositPrice": "",
            "averageWeight": null,
            "comparePrice": "55,90 kr",
            "comparePriceUnit": "kg",
            "isDrugProduct": false,
            "solrSearchScore": 0.7614262700080872,
            "energyDeclaration": null,
            "newsSplashProduct": false,
            "notAllowedB2b": false,
            "notAllowedAnonymous": false,
            "productLine2": "GARANT, 500g",
            "pickupProductLine2": "GARANT, 500g",
            "priceUnit": "kr/st",
            "priceNoUnit": "27,95",
            "savingsAmount": 0.0,
            "googleAnalyticsCategory": "skafferi|flingor-och-musli|flingor",
            "gdprTrackingIncompliant": false,
            "nicotineMedicalProduct": false,
            "tobaccoFreeNicotineProduct": false,
            "nonEkoProduct": false,
            "precautionaryStatements": [],
            "hazards": [],
            "tobaccoProduct": false,
            "showGoodPriceIcon": true,
            "labels": [],
            "seoDescription": "",
            "seoTitle": "",
            "manufacturer": "Garant",
            "incrementValue": 1.0,
            "productBasketType": {
                "code": "ST",
                "type": "ProductBasketTypeEnum"
            },
            "bargainProduct": false,
            "addToCartMessage": "",
            "thumbnail": {
                "imageType": "PRIMARY",
                "format": "thumbnail",
                "url": "https://assets.axfood.se/image/upload/f_auto,t_100/07340083475641_C1L1_s01",
                "altText": null,
                "galleryIndex": null,
                "width": null
            },
            "outOfStock": false,
            "online": true,
            "displayVolume": "500g",
            "addToCartDisabled": false,
            "name": "Cornflakes",
            "code": "101294578_ST"
        },
        {
            "potentialPromotions": [
                {
                    "threshold": null,
                    "applied": false,
                    "campaignType": "GENERAL",
                    "offerStatus": null,
                    "productCodes": [
                        "101298455_ST"
                    ],
                    "promotionTheme": {
                        "code": "Z019",
                        "visible": null
                    },
                    "textLabelGenerated": "Alltid bra pris!",
                    "textLabelManual": null,
                    "lowestHistoricalPrice": null,
                    "price": {
                        "currencyIso": "SEK",
                        "value": 36.95,
                        "priceType": "BUY",
                        "formattedValue": "36,95 kr",
                        "minQuantity": null,
                        "maxQuantity": null
                    },
                    "promotionType": "MixMatchPricePromotion",
                    "conditionLabel": "",
                    "rewardLabel": "36,95 kr",
                    "textLabel": "Alltid bra pris!",
                    "redeemLimitLabel": "",
                    "cartLabel": null,
                    "validUntil": null,
                    "timesUsed": null,
                    "qualifyingCount": 1,
                    "comparePrice": "46,19 kr",
                    "splashTitleText": "Alltid bra pris",
                    "realMixAndMatch": false,
                    "mainProductCode": "101298455_ST",
                    "conditionLabelFormatted": "",
                    "promotionRedeemLimit": null,
                    "promotionPercentage": null,
                    "cartLabelFormatted": "",
                    "priority": 208,
                    "code": "10009465476"
                }
            ],
            "inactivePotentialPromotions": [],
            "priceValue": 36.95,
            "price": "36,95 kr",
            "image": {
                "imageType": "PRIMARY",
                "format": "product",
                "url": "https://assets.axfood.se/image/upload/f_auto,t_200/07340083477188_C1N1_s01",
                "altText": null,
                "galleryIndex": null,
                "width": null
            },
            "ranking": 20.9110898381714,
            "depositPrice": "",
            "averageWeight": null,
            "comparePrice": "46,19 kr",
            "comparePriceUnit": "kg",
            "isDrugProduct": false,
            "solrSearchScore": 0.7614262700080872,
            "energyDeclaration": null,
            "newsSplashProduct": false,
            "notAllowedB2b": false,
            "notAllowedAnonymous": false,
            "productLine2": "GARANT, 800g",
            "pickupProductLine2": "GARANT, 800g",
            "priceUnit": "kr/st",
            "priceNoUnit": "36,95",
            "savingsAmount": 0.0,
            "googleAnalyticsCategory": "kott-fagel-och-chark|korv|falukorv",
            "gdprTrackingIncompliant": false,
            "nicotineMedicalProduct": false,
            "tobaccoFreeNicotineProduct": false,
            "nonEkoProduct": false,
            "precautionaryStatements": [],
            "hazards": [],
            "tobaccoProduct": false,
            "showGoodPriceIcon": true,
            "labels": [
                "swedish_flag",
                "meat_from_sweden",
                "swedish_meat"
            ],
            "seoDescription": "",
            "seoTitle": "",
            "manufacturer": "Garant",
            "incrementValue": 1.0,
            "productBasketType": {
                "code": "ST",
                "type": "ProductBasketTypeEnum"
            },
            "bargainProduct": false,
            "addToCartMessage": "",
            "thumbnail": {
                "imageType": "PRIMARY",
                "format": "thumbnail",
                "url": "https://assets.axfood.se/image/upload/f_auto,t_100/07340083477188_C1N1_s01",
                "altText": null,
                "galleryIndex": null,
                "width": null
            },
            "outOfStock": false,
            "online": true,
            "displayVolume": "800g",
            "addToCartDisabled": false,
            "name": "Falukorv",
            "code": "101298455_ST"
        },
        {
            "potentialPromotions": [
                {
                    "threshold": null,
                    "applied": false,
                    "campaignType": "GENERAL",
                    "offerStatus": null,
                    "productCodes": [
                        "101231748_ST",
                        "101231749_ST",
                        "101251470_ST",
                        "101251471_ST",
                        "101272974_ST",
                        "101276305_ST",
                        "101286436_ST",
                        "101330977_ST",
                        "101584013_ST"
                    ],
                    "promotionTheme": {
                        "code": "Z019",
                        "visible": null
                    },
                    "textLabelGenerated": "Alltid bra pris!",
                    "textLabelManual": null,
                    "lowestHistoricalPrice": null,
                    "price": {
                        "currencyIso": "SEK",
                        "value": 29.0,
                        "priceType": "BUY",
                        "formattedValue": "29,00 kr",
                        "minQuantity": null,
                        "maxQuantity": null
                    },
                    "promotionType": "MixMatchPricePromotion",
                    "conditionLabel": "",
                    "rewardLabel": "29 kr",
                    "textLabel": "Alltid bra pris!",
                    "redeemLimitLabel": "",
                    "cartLabel": null,
                    "validUntil": null,
                    "timesUsed": null,
                    "qualifyingCount": 1,
                    "comparePrice": "290,00 kr",
                    "splashTitleText": "Alltid bra pris",
                    "realMixAndMatch": false,
                    "mainProductCode": "101231748_ST",
                    "conditionLabelFormatted": "",
                    "promotionRedeemLimit": null,
                    "promotionPercentage": null,
                    "cartLabelFormatted": "",
                    "priority": 208,
                    "code": "10009465475"
                }
            ],
            "inactivePotentialPromotions": [],
            "priceValue": 29.0,
            "price": "29,00 kr",
            "image": {
                "imageType": "PRIMARY",
                "format": "product",
                "url": "https://assets.axfood.se/image/upload/f_auto,t_200/07340083443602_C1N1_s02",
                "altText": null,
                "galleryIndex": null,
                "width": null
            },
            "ranking": 20.9110898348946,
            "depositPrice": "",
            "averageWeight": null,
            "comparePrice": "290,00 kr",
            "comparePriceUnit": "kg",
            "isDrugProduct": false,
            "solrSearchScore": 0.7614262700080872,
            "energyDeclaration": null,
            "newsSplashProduct": false,
            "notAllowedB2b": false,
            "notAllowedAnonymous": false,
            "productLine2": "GARANT, 100g",
            "pickupProductLine2": "GARANT, 100g",
            "priceUnit": "kr/st",
            "priceNoUnit": "29,00",
            "savingsAmount": 0.0,
            "googleAnalyticsCategory": "godis-snacks-och-glass|choklad|chokladgodis",
            "gdprTrackingIncompliant": false,
            "nicotineMedicalProduct": false,
            "tobaccoFreeNicotineProduct": false,
            "nonEkoProduct": false,
            "precautionaryStatements": [],
            "hazards": [],
            "tobaccoProduct": false,
            "showGoodPriceIcon": true,
            "labels": [
                "fairtrade_cacao",
                "fairtrade_facet"
            ],
            "seoDescription": "",
            "seoTitle": "",
            "manufacturer": "Garant",
            "incrementValue": 1.0,
            "productBasketType": {
                "code": "ST",
                "type": "ProductBasketTypeEnum"
            },
            "bargainProduct": false,
            "addToCartMessage": "",
            "thumbnail": {
                "imageType": "PRIMARY",
                "format": "thumbnail",
                "url": "https://assets.axfood.se/image/upload/f_auto,t_100/07340083443602_C1N1_s02",
                "altText": null,
                "galleryIndex": null,
                "width": null
            },
            "outOfStock": false,
            "online": true,
            "displayVolume": "100g",
            "addToCartDisabled": false,
            "name": "70% Cacao Mörk Choklad Trinitario Bönor",
            "code": "101231748_ST"
        },
        {
            "potentialPromotions": [
                {
                    "threshold": null,
                    "applied": false,
                    "campaignType": "GENERAL",
                    "offerStatus": null,
                    "productCodes": [
                        "101499366_ST",
                        "101499367_ST"
                    ],
                    "promotionTheme": {
                        "code": "Z019",
                        "visible": null
                    },
                    "textLabelGenerated": "Alltid bra pris!",
                    "textLabelManual": null,
                    "lowestHistoricalPrice": null,
                    "price": {
                        "currencyIso": "SEK",
                        "value": 10.0,
                        "priceType": "BUY",
                        "formattedValue": "10,00 kr",
                        "minQuantity": null,
                        "maxQuantity": null
                    },
                    "promotionType": "MixMatchPricePromotion",
                    "conditionLabel": "",
                    "rewardLabel": "10 kr",
                    "textLabel": "Alltid bra pris!",
                    "redeemLimitLabel": "",
                    "cartLabel": null,
                    "validUntil": null,
                    "timesUsed": null,
                    "qualifyingCount": 1,
                    "comparePrice": "200,00 kr",
                    "splashTitleText": "Alltid bra pris",
                    "realMixAndMatch": false,
                    "mainProductCode": "101499366_ST",
                    "conditionLabelFormatted": "",
                    "promotionRedeemLimit": null,
                    "promotionPercentage": null,
                    "cartLabelFormatted": "",
                    "priority": 208,
                    "code": "10009465474"
                }
            ],
            "inactivePotentialPromotions": [],
            "priceValue": 10.0,
            "price": "10,00 kr",
            "image": {
                "imageType": "PRIMARY",
                "format": "product",
                "url": "https://assets.axfood.se/image/upload/f_auto,t_200/07340083499036_C1N1_s01",
                "altText": null,
                "galleryIndex": null,
                "width": null
            },
            "ranking": 20.9110898316178,
            "depositPrice": "",
            "averageWeight": null,
            "comparePrice": "200,00 kr",
            "comparePriceUnit": "kg",
            "isDrugProduct": false,
            "solrSearchScore": 0.7614262700080872,
            "energyDeclaration": null,
            "newsSplashProduct": false,
            "notAllowedB2b": false,
            "notAllowedAnonymous": false,
            "productLine2": "ELDORADO, 50g",
            "pickupProductLine2": "ELDORADO, 50g",
            "priceUnit": "kr/st",
            "priceNoUnit": "10,00",
            "savingsAmount": 0.0,
            "googleAnalyticsCategory": "godis-snacks-och-glass|notter-och-snacks|snacks",
            "gdprTrackingIncompliant": false,
            "nicotineMedicalProduct": false,
            "tobaccoFreeNicotineProduct": false,
            "nonEkoProduct": false,
            "precautionaryStatements": [],
            "hazards": [],
            "tobaccoProduct": false,
            "showGoodPriceIcon": true,
            "labels": [],
            "seoDescription": "",
            "seoTitle": "",
            "manufacturer": "Eldorado",
            "incrementValue": 1.0,
            "productBasketType": {
                "code": "ST",
                "type": "ProductBasketTypeEnum"
            },
            "bargainProduct": false,
            "addToCartMessage": "",
            "thumbnail": {
                "imageType": "PRIMARY",
                "format": "thumbnail",
                "url": "https://assets.axfood.se/image/upload/f_auto,t_100/07340083499036_C1N1_s01",
                "altText": null,
                "galleryIndex": null,
                "width": null
            },
            "outOfStock": false,
            "online": true,
            "displayVolume": "50g",
            "addToCartDisabled": false,
            "name": "Nöt Fruktmix",
            "code": "101499366_ST"
        },
        {
            "potentialPromotions": [
                {
                    "threshold": null,
                    "applied": false,
                    "campaignType": "GENERAL",
                    "offerStatus": null,
                    "productCodes": [
                        "101232357_ST"
                    ],
                    "promotionTheme": {
                        "code": "Z019",
                        "visible": null
                    },
                    "textLabelGenerated": "Alltid bra pris!",
                    "textLabelManual": null,
                    "lowestHistoricalPrice": null,
                    "price": {
                        "currencyIso": "SEK",
                        "value": 12.0,
                        "priceType": "BUY",
                        "formattedValue": "12,00 kr",
                        "minQuantity": null,
                        "maxQuantity": null
                    },
                    "promotionType": "MixMatchPricePromotion",
                    "conditionLabel": "",
                    "rewardLabel": "12 kr",
                    "textLabel": "Alltid bra pris!",
                    "redeemLimitLabel": "",
                    "cartLabel": null,
                    "validUntil": null,
                    "timesUsed": null,
                    "qualifyingCount": 1,
                    "comparePrice": "1,20 kr",
                    "splashTitleText": "Alltid bra pris",
                    "realMixAndMatch": false,
                    "mainProductCode": "101232357_ST",
                    "conditionLabelFormatted": "",
                    "promotionRedeemLimit": null,
                    "promotionPercentage": null,
                    "cartLabelFormatted": "",
                    "priority": 208,
                    "code": "10009465473"
                }
            ],
            "inactivePotentialPromotions": [],
            "priceValue": 12.0,
            "price": "12,00 kr",
            "image": {
                "imageType": "PRIMARY",
                "format": "product",
                "url": "https://assets.axfood.se/image/upload/f_auto,t_200/07340083445804_C1L1_s01",
                "altText": null,
                "galleryIndex": null,
                "width": null
            },
            "ranking": 20.911089828341,
            "depositPrice": "",
            "averageWeight": null,
            "comparePrice": "1,20 kr",
            "comparePriceUnit": "st",
            "isDrugProduct": false,
            "solrSearchScore": 0.7614262700080872,
            "energyDeclaration": null,
            "newsSplashProduct": false,
            "notAllowedB2b": false,
            "notAllowedAnonymous": false,
            "productLine2": "ELDORADO, 10p",
            "pickupProductLine2": "ELDORADO, 10p",
            "priceUnit": "kr/st",
            "priceNoUnit": "12,00",
            "savingsAmount": 0.0,
            "googleAnalyticsCategory": "halsa-och-skonhet|kroppsvard|rakartiklar",
            "gdprTrackingIncompliant": false,
            "nicotineMedicalProduct": false,
            "tobaccoFreeNicotineProduct": false,
            "nonEkoProduct": false,
            "precautionaryStatements": [],
            "hazards": [],
            "tobaccoProduct": false,
            "showGoodPriceIcon": true,
            "labels": [],
            "seoDescription": "",
            "seoTitle": "",
            "manufacturer": "Eldorado",
            "incrementValue": 1.0,
            "productBasketType": {
                "code": "ST",
                "type": "ProductBasketTypeEnum"
            },
            "bargainProduct": false,
            "addToCartMessage": "",
            "thumbnail": {
                "imageType": "PRIMARY",
                "format": "thumbnail",
                "url": "https://assets.axfood.se/image/upload/f_auto,t_100/07340083445804_C1L1_s01",
                "altText": null,
                "galleryIndex": null,
                "width": null
            },
            "outOfStock": false,
            "online": true,
            "displayVolume": "10p",
            "addToCartDisabled": false,
            "name": "Rakhyvel Engångs",
            "code": "101232357_ST"
        },
        {
            "potentialPromotions": [
                {
                    "threshold": null,
                    "applied": false,
                    "campaignType": "GENERAL",
                    "offerStatus": null,
                    "productCodes": [
                        "101273305_ST"
                    ],
                    "promotionTheme": {
                        "code": "Z019",
                        "visible": null
                    },
                    "textLabelGenerated": "Alltid bra pris!",
                    "textLabelManual": null,
                    "lowestHistoricalPrice": null,
                    "price": {
                        "currencyIso": "SEK",
                        "value": 32.95,
                        "priceType": "BUY",
                        "formattedValue": "32,95 kr",
                        "minQuantity": null,
                        "maxQuantity": null
                    },
                    "promotionType": "MixMatchPricePromotion",
                    "conditionLabel": "",
                    "rewardLabel": "32,95 kr",
                    "textLabel": "Alltid bra pris!",
                    "redeemLimitLabel": "",
                    "cartLabel": null,
                    "validUntil": null,
                    "timesUsed": null,
                    "qualifyingCount": 1,
                    "comparePrice": "94,14 kr",
                    "splashTitleText": "Alltid bra pris",
                    "realMixAndMatch": false,
                    "mainProductCode": "101273305_ST",
                    "conditionLabelFormatted": "",
                    "promotionRedeemLimit": null,
                    "promotionPercentage": null,
                    "cartLabelFormatted": "",
                    "priority": 208,
                    "code": "10009465472"
                }
            ],
            "inactivePotentialPromotions": [],
            "priceValue": 32.95,
            "price": "32,95 kr",
            "image": {
                "imageType": "PRIMARY",
                "format": "product",
                "url": "https://assets.axfood.se/image/upload/f_auto,t_200/07340083462313_C1N1_s02",
                "altText": null,
                "galleryIndex": null,
                "width": null
            },
            "ranking": 20.9110898250642,
            "depositPrice": "",
            "averageWeight": null,
            "comparePrice": "94,14 kr",
            "comparePriceUnit": "kg",
            "isDrugProduct": false,
            "solrSearchScore": 0.7614262700080872,
            "energyDeclaration": null,
            "newsSplashProduct": false,
            "notAllowedB2b": false,
            "notAllowedAnonymous": false,
            "productLine2": "ELDORADO, 350g",
            "pickupProductLine2": "ELDORADO, 350g",
            "priceUnit": "kr/st",
            "priceNoUnit": "32,95",
            "savingsAmount": 0.0,
            "googleAnalyticsCategory": "skafferi|bakning|socker-och-honung",
            "gdprTrackingIncompliant": false,
            "nicotineMedicalProduct": false,
            "tobaccoFreeNicotineProduct": false,
            "nonEkoProduct": false,
            "precautionaryStatements": [],
            "hazards": [],
            "tobaccoProduct": false,
            "showGoodPriceIcon": true,
            "labels": [],
            "seoDescription": "",
            "seoTitle": "",
            "manufacturer": "Eldorado",
            "incrementValue": 1.0,
            "productBasketType": {
                "code": "ST",
                "type": "ProductBasketTypeEnum"
            },
            "bargainProduct": false,
            "addToCartMessage": "",
            "thumbnail": {
                "imageType": "PRIMARY",
                "format": "thumbnail",
                "url": "https://assets.axfood.se/image/upload/f_auto,t_100/07340083462313_C1N1_s02",
                "altText": null,
                "galleryIndex": null,
                "width": null
            },
            "outOfStock": false,
            "online": true,
            "displayVolume": "350g",
            "addToCartDisabled": false,
            "name": "Honung Flytande",
            "code": "101273305_ST"
        },
        {
            "potentialPromotions": [
                {
                    "threshold": null,
                    "applied": false,
                    "campaignType": "GENERAL",
                    "offerStatus": null,
                    "productCodes": [
                        "101226775_ST",
                        "101226792_ST",
                        "101226801_ST"
                    ],
                    "promotionTheme": {
                        "code": "Z019",
                        "visible": null
                    },
                    "textLabelGenerated": "Alltid bra pris!",
                    "textLabelManual": null,
                    "lowestHistoricalPrice": null,
                    "price": {
                        "currencyIso": "SEK",
                        "value": 24.95,
                        "priceType": "BUY",
                        "formattedValue": "24,95 kr",
                        "minQuantity": null,
                        "maxQuantity": null
                    },
                    "promotionType": "MixMatchPricePromotion",
                    "conditionLabel": "",
                    "rewardLabel": "24,95 kr",
                    "textLabel": "Alltid bra pris!",
                    "redeemLimitLabel": "",
                    "cartLabel": null,
                    "validUntil": null,
                    "timesUsed": null,
                    "qualifyingCount": 1,
                    "comparePrice": "33,27 kr",
                    "splashTitleText": "Alltid bra pris",
                    "realMixAndMatch": false,
                    "mainProductCode": "101226775_ST",
                    "conditionLabelFormatted": "",
                    "promotionRedeemLimit": null,
                    "promotionPercentage": null,
                    "cartLabelFormatted": "",
                    "priority": 208,
                    "code": "10009465471"
                }
            ],
            "inactivePotentialPromotions": [],
            "priceValue": 24.95,
            "price": "24,95 kr",
            "image": {
                "imageType": "PRIMARY",
                "format": "product",
                "url": "https://assets.axfood.se/image/upload/f_auto,t_200/05000204783452_C1N1_s03",
                "altText": null,
                "galleryIndex": null,
                "width": null
            },
            "ranking": 20.9110898217874,
            "depositPrice": "",
            "averageWeight": null,
            "comparePrice": "33,27 kr",
            "comparePriceUnit": "l",
            "isDrugProduct": false,
            "solrSearchScore": 0.7614262700080872,
            "energyDeclaration": null,
            "newsSplashProduct": false,
            "notAllowedB2b": false,
            "notAllowedAnonymous": false,
            "productLine2": "DUCK, 750ml",
            "pickupProductLine2": "DUCK, 750ml",
            "priceUnit": "kr/st",
            "priceNoUnit": "24,95",
            "savingsAmount": 0.0,
            "googleAnalyticsCategory": "hem-och-hushall|stad|rengoringsmedel",
            "gdprTrackingIncompliant": false,
            "nicotineMedicalProduct": false,
            "tobaccoFreeNicotineProduct": false,
            "nonEkoProduct": false,
            "precautionaryStatements": [],
            "hazards": [],
            "tobaccoProduct": false,
            "showGoodPriceIcon": true,
            "labels": [
                "swan",
                "warning",
                "exclamation_mark",
                "environmental_facet"
            ],
            "seoDescription": "",
            "seoTitle": "",
            "manufacturer": "Duck",
            "incrementValue": 1.0,
            "productBasketType": {
                "code": "ST",
                "type": "ProductBasketTypeEnum"
            },
            "bargainProduct": false,
            "addToCartMessage": "",
            "thumbnail": {
                "imageType": "PRIMARY",
                "format": "thumbnail",
                "url": "https://assets.axfood.se/image/upload/f_auto,t_100/05000204783452_C1N1_s03",
                "altText": null,
                "galleryIndex": null,
                "width": null
            },
            "outOfStock": false,
            "online": true,
            "displayVolume": "750ml",
            "addToCartDisabled": false,
            "name": "Fresh Aktiv-gel Wc-rengöring",
            "code": "101226775_ST"
        },
        {
            "potentialPromotions": [
                {
                    "threshold": null,
                    "applied": false,
                    "campaignType": "GENERAL",
                    "offerStatus": null,
                    "productCodes": [
                        "101582738_ST",
                        "101583400_ST",
                        "101591594_ST",
                        "101591595_ST",
                        "101591596_ST",
                        "101591597_ST"
                    ],
                    "promotionTheme": {
                        "code": "Z019",
                        "visible": null
                    },
                    "textLabelGenerated": "Alltid bra pris!",
                    "textLabelManual": null,
                    "lowestHistoricalPrice": null,
                    "price": {
                        "currencyIso": "SEK",
                        "value": 20.0,
                        "priceType": "BUY",
                        "formattedValue": "20,00 kr",
                        "minQuantity": null,
                        "maxQuantity": null
                    },
                    "promotionType": "MixMatchPricePromotion",
                    "conditionLabel": "",
                    "rewardLabel": "20 kr",
                    "textLabel": "Alltid bra pris!",
                    "redeemLimitLabel": "",
                    "cartLabel": null,
                    "validUntil": null,
                    "timesUsed": null,
                    "qualifyingCount": 1,
                    "comparePrice": "66,67 kr",
                    "splashTitleText": "Alltid bra pris",
                    "realMixAndMatch": false,
                    "mainProductCode": "101222675_ST",
                    "conditionLabelFormatted": "",
                    "promotionRedeemLimit": null,
                    "promotionPercentage": null,
                    "cartLabelFormatted": "",
                    "priority": 208,
                    "code": "10009465470"
                }
            ],
            "inactivePotentialPromotions": [],
            "priceValue": 20.0,
            "price": "20,00 kr",
            "image": {
                "imageType": "PRIMARY",
                "format": "product",
                "url": "https://assets.axfood.se/image/upload/f_auto,t_200/07311043010707_C1N1_s01",
                "altText": null,
                "galleryIndex": null,
                "width": null
            },
            "ranking": 20.9110898185106,
            "depositPrice": "",
            "averageWeight": null,
            "comparePrice": "66,67 kr",
            "comparePriceUnit": "kg",
            "isDrugProduct": false,
            "solrSearchScore": 0.7614262700080872,
            "energyDeclaration": null,
            "newsSplashProduct": false,
            "notAllowedB2b": false,
            "notAllowedAnonymous": false,
            "productLine2": "DAZZLEY, 300g",
            "pickupProductLine2": "DAZZLEY, 300g",
            "priceUnit": "kr/st",
            "priceNoUnit": "20,00",
            "savingsAmount": 0.0,
            "googleAnalyticsCategory": "brod-och-kakor|kex-och-kakor|sota-kakor",
            "gdprTrackingIncompliant": false,
            "nicotineMedicalProduct": false,
            "tobaccoFreeNicotineProduct": false,
            "nonEkoProduct": false,
            "precautionaryStatements": [],
            "hazards": [],
            "tobaccoProduct": false,
            "showGoodPriceIcon": true,
            "labels": [],
            "seoDescription": "",
            "seoTitle": "",
            "manufacturer": "Dazzley",
            "incrementValue": 1.0,
            "productBasketType": {
                "code": "ST",
                "type": "ProductBasketTypeEnum"
            },
            "bargainProduct": false,
            "addToCartMessage": "",
            "thumbnail": {
                "imageType": "PRIMARY",
                "format": "thumbnail",
                "url": "https://assets.axfood.se/image/upload/f_auto,t_100/07311043010707_C1N1_s01",
                "altText": null,
                "galleryIndex": null,
                "width": null
            },
            "outOfStock": false,
            "online": true,
            "displayVolume": "300g",
            "addToCartDisabled": false,
            "name": "Kola Snittar Klassiska",
            "code": "101582738_ST"
        },
        {
            "potentialPromotions": [
                {
                    "threshold": null,
                    "applied": false,
                    "campaignType": "GENERAL",
                    "offerStatus": null,
                    "productCodes": [
                        "101462795_ST"
                    ],
                    "promotionTheme": {
                        "code": "Z019",
                        "visible": null
                    },
                    "textLabelGenerated": "Alltid bra pris!",
                    "textLabelManual": null,
                    "lowestHistoricalPrice": null,
                    "price": {
                        "currencyIso": "SEK",
                        "value": 39.95,
                        "priceType": "BUY",
                        "formattedValue": "39,95 kr",
                        "minQuantity": null,
                        "maxQuantity": null
                    },
                    "promotionType": "MixMatchPricePromotion",
                    "conditionLabel": "",
                    "rewardLabel": "39,95 kr",
                    "textLabel": "Alltid bra pris!",
                    "redeemLimitLabel": "",
                    "cartLabel": null,
                    "validUntil": null,
                    "timesUsed": null,
                    "qualifyingCount": 1,
                    "comparePrice": "173,69 kr",
                    "splashTitleText": "Alltid bra pris",
                    "realMixAndMatch": false,
                    "mainProductCode": "101462795_ST",
                    "conditionLabelFormatted": "",
                    "promotionRedeemLimit": null,
                    "promotionPercentage": null,
                    "cartLabelFormatted": "",
                    "priority": 208,
                    "code": "10009465468"
                }
            ],
            "inactivePotentialPromotions": [],
            "priceValue": 39.95,
            "price": "39,95 kr",
            "image": {
                "imageType": "PRIMARY",
                "format": "product",
                "url": "https://assets.axfood.se/image/upload/f_auto,t_200/07350027798309_C1N1_s01",
                "altText": null,
                "galleryIndex": null,
                "width": null
            },
            "ranking": 20.911089811957,
            "depositPrice": "",
            "averageWeight": null,
            "comparePrice": "173,69 kr",
            "comparePriceUnit": "kg",
            "isDrugProduct": false,
            "solrSearchScore": 0.7614262700080872,
            "energyDeclaration": null,
            "newsSplashProduct": false,
            "notAllowedB2b": false,
            "notAllowedAnonymous": false,
            "productLine2": "ZETA, 230g",
            "pickupProductLine2": "ZETA, 230g",
            "priceUnit": "kr/st",
            "priceNoUnit": "39,95",
            "savingsAmount": 0.0,
            "googleAnalyticsCategory": "fardigmat|pizza-paj-och-piroger|pizza-och-lasagne",
            "gdprTrackingIncompliant": false,
            "nicotineMedicalProduct": false,
            "tobaccoFreeNicotineProduct": false,
            "nonEkoProduct": false,
            "precautionaryStatements": [],
            "hazards": [],
            "tobaccoProduct": false,
            "showGoodPriceIcon": true,
            "labels": [],
            "seoDescription": "",
            "seoTitle": "",
            "manufacturer": "Zeta",
            "incrementValue": 1.0,
            "productBasketType": {
                "code": "ST",
                "type": "ProductBasketTypeEnum"
            },
            "bargainProduct": false,
            "addToCartMessage": "",
            "thumbnail": {
                "imageType": "PRIMARY",
                "format": "thumbnail",
                "url": "https://assets.axfood.se/image/upload/f_auto,t_100/07350027798309_C1N1_s01",
                "altText": null,
                "galleryIndex": null,
                "width": null
            },
            "outOfStock": false,
            "online": true,
            "displayVolume": "230g",
            "addToCartDisabled": false,
            "name": "Pinsa",
            "code": "101462795_ST"
        },
        {
            "potentialPromotions": [
                {
                    "threshold": null,
                    "applied": false,
                    "campaignType": "GENERAL",
                    "offerStatus": null,
                    "productCodes": [
                        "101510513_ST"
                    ],
                    "promotionTheme": {
                        "code": "Z019",
                        "visible": null
                    },
                    "textLabelGenerated": "Alltid bra pris!",
                    "textLabelManual": null,
                    "lowestHistoricalPrice": null,
                    "price": {
                        "currencyIso": "SEK",
                        "value": 32.95,
                        "priceType": "BUY",
                        "formattedValue": "32,95 kr",
                        "minQuantity": null,
                        "maxQuantity": null
                    },
                    "promotionType": "MixMatchPricePromotion",
                    "conditionLabel": "",
                    "rewardLabel": "32,95 kr",
                    "textLabel": "Alltid bra pris!",
                    "redeemLimitLabel": "",
                    "cartLabel": null,
                    "validUntil": null,
                    "timesUsed": null,
                    "qualifyingCount": 1,
                    "comparePrice": "63,37 kr",
                    "splashTitleText": "Alltid bra pris",
                    "realMixAndMatch": false,
                    "mainProductCode": "101510513_ST",
                    "conditionLabelFormatted": "",
                    "promotionRedeemLimit": null,
                    "promotionPercentage": null,
                    "cartLabelFormatted": "",
                    "priority": 208,
                    "code": "10009465467"
                }
            ],
            "inactivePotentialPromotions": [],
            "priceValue": 32.95,
            "price": "32,95 kr",
            "image": {
                "imageType": "PRIMARY",
                "format": "product",
                "url": "https://assets.axfood.se/image/upload/f_auto,t_200/08006540956663_C1N1_s01",
                "altText": null,
                "galleryIndex": null,
                "width": null
            },
            "ranking": 20.9110898086802,
            "depositPrice": "",
            "averageWeight": null,
            "comparePrice": "63,37 kr",
            "comparePriceUnit": "l",
            "isDrugProduct": false,
            "solrSearchScore": 0.7614262700080872,
            "energyDeclaration": null,
            "newsSplashProduct": false,
            "notAllowedB2b": false,
            "notAllowedAnonymous": false,
            "productLine2": "YES, 520ml",
            "pickupProductLine2": "YES, 520ml",
            "priceUnit": "kr/st",
            "priceNoUnit": "32,95",
            "savingsAmount": 0.0,
            "googleAnalyticsCategory": "hem-och-hushall|disk|handdisk",
            "gdprTrackingIncompliant": false,
            "nicotineMedicalProduct": false,
            "tobaccoFreeNicotineProduct": false,
            "nonEkoProduct": false,
            "precautionaryStatements": [],
            "hazards": [],
            "tobaccoProduct": false,
            "showGoodPriceIcon": true,
            "labels": [
                "swan",
                "warning",
                "exclamation_mark",
                "environmental_facet"
            ],
            "seoDescription": "",
            "seoTitle": "",
            "manufacturer": "Yes",
            "incrementValue": 1.0,
            "productBasketType": {
                "code": "ST",
                "type": "ProductBasketTypeEnum"
            },
            "bargainProduct": false,
            "addToCartMessage": "",
            "thumbnail": {
                "imageType": "PRIMARY",
                "format": "thumbnail",
                "url": "https://assets.axfood.se/image/upload/f_auto,t_100/08006540956663_C1N1_s01",
                "altText": null,
                "galleryIndex": null,
                "width": null
            },
            "outOfStock": false,
            "online": true,
            "displayVolume": "520ml",
            "addToCartDisabled": false,
            "name": "Original Handdiskmedel",
            "code": "101510513_ST"
        },
        {
            "potentialPromotions": [
                {
                    "threshold": null,
                    "applied": false,
                    "campaignType": "GENERAL",
                    "offerStatus": null,
                    "productCodes": [
                        "101278389_ST",
                        "101297093_ST",
                        "101340231_ST"
                    ],
                    "promotionTheme": {
                        "code": "Z019",
                        "visible": null
                    },
                    "textLabelGenerated": "Alltid bra pris!",
                    "textLabelManual": null,
                    "lowestHistoricalPrice": null,
                    "price": {
                        "currencyIso": "SEK",
                        "value": 28.95,
                        "priceType": "BUY",
                        "formattedValue": "28,95 kr",
                        "minQuantity": null,
                        "maxQuantity": null
                    },
                    "promotionType": "MixMatchPricePromotion",
                    "conditionLabel": "",
                    "rewardLabel": "28,95 kr",
                    "textLabel": "Alltid bra pris!",
                    "redeemLimitLabel": "",
                    "cartLabel": null,
                    "validUntil": null,
                    "timesUsed": null,
                    "qualifyingCount": 1,
                    "comparePrice": "111,35 kr",
                    "splashTitleText": "Alltid bra pris",
                    "realMixAndMatch": false,
                    "mainProductCode": "101278389_ST",
                    "conditionLabelFormatted": "",
                    "promotionRedeemLimit": null,
                    "promotionPercentage": null,
                    "cartLabelFormatted": "",
                    "priority": 208,
                    "code": "10009465466"
                }
            ],
            "inactivePotentialPromotions": [],
            "priceValue": 28.95,
            "price": "28,95 kr",
            "image": {
                "imageType": "PRIMARY",
                "format": "product",
                "url": "https://assets.axfood.se/image/upload/f_auto,t_200/07300400482073_C1N1_s04",
                "altText": null,
                "galleryIndex": null,
                "width": null
            },
            "ranking": 20.9110898054034,
            "depositPrice": "",
            "averageWeight": null,
            "comparePrice": "111,35 kr",
            "comparePriceUnit": "kg",
            "isDrugProduct": false,
            "solrSearchScore": 0.7614262700080872,
            "energyDeclaration": null,
            "newsSplashProduct": false,
            "notAllowedB2b": false,
            "notAllowedAnonymous": false,
            "productLine2": "WASA, 260g",
            "pickupProductLine2": "WASA, 260g",
            "priceUnit": "kr/st",
            "priceNoUnit": "28,95",
            "savingsAmount": 0.0,
            "googleAnalyticsCategory": "brod-och-kakor|knackebrod-och-skorpor|knackebrod",
            "gdprTrackingIncompliant": false,
            "nicotineMedicalProduct": false,
            "tobaccoFreeNicotineProduct": false,
            "nonEkoProduct": false,
            "precautionaryStatements": [],
            "hazards": [],
            "tobaccoProduct": false,
            "showGoodPriceIcon": true,
            "labels": [
                "keyhole"
            ],
            "seoDescription": "",
            "seoTitle": "",
            "manufacturer": "Wasa",
            "incrementValue": 1.0,
            "productBasketType": {
                "code": "ST",
                "type": "ProductBasketTypeEnum"
            },
            "bargainProduct": false,
            "addToCartMessage": "",
            "thumbnail": {
                "imageType": "PRIMARY",
                "format": "thumbnail",
                "url": "https://assets.axfood.se/image/upload/f_auto,t_100/07300400482073_C1N1_s04",
                "altText": null,
                "galleryIndex": null,
                "width": null
            },
            "outOfStock": false,
            "online": true,
            "displayVolume": "260g",
            "addToCartDisabled": false,
            "name": "Din Stund Chia & Havssalt",
            "code": "101278389_ST"
        },
        {
            "potentialPromotions": [
                {
                    "threshold": null,
                    "applied": false,
                    "campaignType": "GENERAL",
                    "offerStatus": null,
                    "productCodes": [
                        "100738025_ST"
                    ],
                    "promotionTheme": {
                        "code": "Z019",
                        "visible": null
                    },
                    "textLabelGenerated": "Alltid bra pris!",
                    "textLabelManual": null,
                    "lowestHistoricalPrice": null,
                    "price": {
                        "currencyIso": "SEK",
                        "value": 13.95,
                        "priceType": "BUY",
                        "formattedValue": "13,95 kr",
                        "minQuantity": null,
                        "maxQuantity": null
                    },
                    "promotionType": "MixMatchPricePromotion",
                    "conditionLabel": "",
                    "rewardLabel": "13,95 kr",
                    "textLabel": "Alltid bra pris!",
                    "redeemLimitLabel": "",
                    "cartLabel": null,
                    "validUntil": null,
                    "timesUsed": null,
                    "qualifyingCount": 1,
                    "comparePrice": "59,36 kr",
                    "splashTitleText": "Alltid bra pris",
                    "realMixAndMatch": false,
                    "mainProductCode": "100738025_ST",
                    "conditionLabelFormatted": "",
                    "promotionRedeemLimit": null,
                    "promotionPercentage": null,
                    "cartLabelFormatted": "",
                    "priority": 208,
                    "code": "10009465465"
                }
            ],
            "inactivePotentialPromotions": [],
            "priceValue": 13.95,
            "price": "13,95 kr",
            "image": {
                "imageType": "PRIMARY",
                "format": "product",
                "url": "https://assets.axfood.se/image/upload/f_auto,t_200/07300400114783_C1R1_s02",
                "altText": null,
                "galleryIndex": null,
                "width": null
            },
            "ranking": 20.9110898021266,
            "depositPrice": "",
            "averageWeight": null,
            "comparePrice": "59,36 kr",
            "comparePriceUnit": "kg",
            "isDrugProduct": false,
            "solrSearchScore": 0.7614262700080872,
            "energyDeclaration": null,
            "newsSplashProduct": false,
            "notAllowedB2b": false,
            "notAllowedAnonymous": false,
            "productLine2": "WASA, 235g",
            "pickupProductLine2": "WASA, 235g",
            "priceUnit": "kr/st",
            "priceNoUnit": "13,95",
            "savingsAmount": 0.0,
            "googleAnalyticsCategory": "brod-och-kakor|knackebrod-och-skorpor|knackebrod",
            "gdprTrackingIncompliant": false,
            "nicotineMedicalProduct": false,
            "tobaccoFreeNicotineProduct": false,
            "nonEkoProduct": false,
            "precautionaryStatements": [],
            "hazards": [],
            "tobaccoProduct": false,
            "showGoodPriceIcon": true,
            "labels": [
                "keyhole"
            ],
            "seoDescription": "",
            "seoTitle": "",
            "manufacturer": "Wasa",
            "incrementValue": 1.0,
            "productBasketType": {
                "code": "ST",
                "type": "ProductBasketTypeEnum"
            },
            "bargainProduct": false,
            "addToCartMessage": "",
            "thumbnail": {
                "imageType": "PRIMARY",
                "format": "thumbnail",
                "url": "https://assets.axfood.se/image/upload/f_auto,t_100/07300400114783_C1R1_s02",
                "altText": null,
                "galleryIndex": null,
                "width": null
            },
            "outOfStock": false,
            "online": true,
            "displayVolume": "235g",
            "addToCartDisabled": false,
            "name": "Falu Rågrut Original",
            "code": "100738025_ST"
        },
        {
            "potentialPromotions": [
                {
                    "threshold": null,
                    "applied": false,
                    "campaignType": "GENERAL",
                    "offerStatus": null,
                    "productCodes": [
                        "101261848_ST"
                    ],
                    "promotionTheme": {
                        "code": "Z019",
                        "visible": null
                    },
                    "textLabelGenerated": "Alltid bra pris!",
                    "textLabelManual": null,
                    "lowestHistoricalPrice": null,
                    "price": {
                        "currencyIso": "SEK",
                        "value": 19.95,
                        "priceType": "BUY",
                        "formattedValue": "19,95 kr",
                        "minQuantity": null,
                        "maxQuantity": null
                    },
                    "promotionType": "MixMatchPricePromotion",
                    "conditionLabel": "",
                    "rewardLabel": "19,95 kr",
                    "textLabel": "Alltid bra pris!",
                    "redeemLimitLabel": "",
                    "cartLabel": null,
                    "validUntil": null,
                    "timesUsed": null,
                    "qualifyingCount": 1,
                    "comparePrice": "39,90 kr",
                    "splashTitleText": "Alltid bra pris",
                    "realMixAndMatch": false,
                    "mainProductCode": "101261848_ST",
                    "conditionLabelFormatted": "",
                    "promotionRedeemLimit": null,
                    "promotionPercentage": null,
                    "cartLabelFormatted": "",
                    "priority": 208,
                    "code": "10009465464"
                }
            ],
            "inactivePotentialPromotions": [],
            "priceValue": 19.95,
            "price": "19,95 kr",
            "image": {
                "imageType": "PRIMARY",
                "format": "product",
                "url": "https://assets.axfood.se/image/upload/f_auto,t_200/07340083459122_C1N1_s05",
                "altText": null,
                "galleryIndex": null,
                "width": null
            },
            "ranking": 20.9110897988498,
            "depositPrice": "",
            "averageWeight": null,
            "comparePrice": "39,90 kr",
            "comparePriceUnit": "l",
            "isDrugProduct": false,
            "solrSearchScore": 0.7614262700080872,
            "energyDeclaration": null,
            "newsSplashProduct": false,
            "notAllowedB2b": false,
            "notAllowedAnonymous": false,
            "productLine2": "SÅKLART, 0,5l",
            "pickupProductLine2": "SÅKLART, 0,5l",
            "priceUnit": "kr/st",
            "priceNoUnit": "19,95",
            "savingsAmount": 0.0,
            "googleAnalyticsCategory": "hem-och-hushall|disk|handdisk",
            "gdprTrackingIncompliant": false,
            "nicotineMedicalProduct": false,
            "tobaccoFreeNicotineProduct": false,
            "nonEkoProduct": false,
            "precautionaryStatements": [],
            "hazards": [],
            "tobaccoProduct": false,
            "showGoodPriceIcon": true,
            "labels": [
                "swan",
                "allergy_approved",
                "warning",
                "exclamation_mark",
                "environmental_facet"
            ],
            "seoDescription": "",
            "seoTitle": "",
            "manufacturer": "Såklart",
            "incrementValue": 1.0,
            "productBasketType": {
                "code": "ST",
                "type": "ProductBasketTypeEnum"
            },
            "bargainProduct": false,
            "addToCartMessage": "",
            "thumbnail": {
                "imageType": "PRIMARY",
                "format": "thumbnail",
                "url": "https://assets.axfood.se/image/upload/f_auto,t_100/07340083459122_C1N1_s05",
                "altText": null,
                "galleryIndex": null,
                "width": null
            },
            "outOfStock": false,
            "online": true,
            "displayVolume": "0,5l",
            "addToCartDisabled": false,
            "name": "Handdiskmedel Oparfymerad",
            "code": "101261848_ST"
        },
        {
            "potentialPromotions": [
                {
                    "threshold": null,
                    "applied": false,
                    "campaignType": "GENERAL",
                    "offerStatus": null,
                    "productCodes": [
                        "101287699_ST"
                    ],
                    "promotionTheme": {
                        "code": "Z019",
                        "visible": null
                    },
                    "textLabelGenerated": "Alltid bra pris!",
                    "textLabelManual": null,
                    "lowestHistoricalPrice": null,
                    "price": {
                        "currencyIso": "SEK",
                        "value": 44.95,
                        "priceType": "BUY",
                        "formattedValue": "44,95 kr",
                        "minQuantity": null,
                        "maxQuantity": null
                    },
                    "promotionType": "MixMatchPricePromotion",
                    "conditionLabel": "",
                    "rewardLabel": "44,95 kr",
                    "textLabel": "Alltid bra pris!",
                    "redeemLimitLabel": "",
                    "cartLabel": null,
                    "validUntil": null,
                    "timesUsed": null,
                    "qualifyingCount": 1,
                    "comparePrice": "112,38 kr",
                    "splashTitleText": "Alltid bra pris",
                    "realMixAndMatch": false,
                    "mainProductCode": "101287699_ST",
                    "conditionLabelFormatted": "",
                    "promotionRedeemLimit": null,
                    "promotionPercentage": null,
                    "cartLabelFormatted": "",
                    "priority": 208,
                    "code": "10009465463"
                }
            ],
            "inactivePotentialPromotions": [],
            "priceValue": 44.95,
            "price": "44,95 kr",
            "image": {
                "imageType": "PRIMARY",
                "format": "product",
                "url": "https://assets.axfood.se/image/upload/f_auto,t_200/07300299061007_C1N1_s02",
                "altText": null,
                "galleryIndex": null,
                "width": null
            },
            "ranking": 20.911089795572998,
            "depositPrice": "",
            "averageWeight": null,
            "comparePrice": "112,38 kr",
            "comparePriceUnit": "kg",
            "isDrugProduct": false,
            "solrSearchScore": 0.7614262700080872,
            "energyDeclaration": null,
            "newsSplashProduct": false,
            "notAllowedB2b": false,
            "notAllowedAnonymous": false,
            "productLine2": "SCAN, 400g",
            "pickupProductLine2": "SCAN, 400g",
            "priceUnit": "kr/st",
            "priceNoUnit": "44,95",
            "savingsAmount": 0.0,
            "googleAnalyticsCategory": "fryst|hamburgare-och-korv|kottbullar-och-farsprodukter",
            "gdprTrackingIncompliant": false,
            "nicotineMedicalProduct": false,
            "tobaccoFreeNicotineProduct": false,
            "nonEkoProduct": false,
            "precautionaryStatements": [],
            "hazards": [],
            "tobaccoProduct": false,
            "showGoodPriceIcon": true,
            "labels": [
                "ecological",
                "krav",
                "swedish_flag",
                "meat_from_sweden",
                "eu_ecological"
            ],
            "seoDescription": "",
            "seoTitle": "",
            "manufacturer": "Scan",
            "incrementValue": 1.0,
            "productBasketType": {
                "code": "ST",
                "type": "ProductBasketTypeEnum"
            },
            "bargainProduct": false,
            "addToCartMessage": "",
            "thumbnail": {
                "imageType": "PRIMARY",
                "format": "thumbnail",
                "url": "https://assets.axfood.se/image/upload/f_auto,t_100/07300299061007_C1N1_s02",
                "altText": null,
                "galleryIndex": null,
                "width": null
            },
            "outOfStock": false,
            "online": true,
            "displayVolume": "400g",
            "addToCartDisabled": false,
            "name": "Nötköttbulle Eko Fryst",
            "code": "101287699_ST"
        },
        {
            "potentialPromotions": [
                {
                    "threshold": null,
                    "applied": false,
                    "campaignType": "GENERAL",
                    "offerStatus": null,
                    "productCodes": [
                        "101254296_ST"
                    ],
                    "promotionTheme": {
                        "code": "Z019",
                        "visible": null
                    },
                    "textLabelGenerated": "Alltid bra pris!",
                    "textLabelManual": null,
                    "lowestHistoricalPrice": null,
                    "price": {
                        "currencyIso": "SEK",
                        "value": 27.95,
                        "priceType": "BUY",
                        "formattedValue": "27,95 kr",
                        "minQuantity": null,
                        "maxQuantity": null
                    },
                    "promotionType": "MixMatchPricePromotion",
                    "conditionLabel": "",
                    "rewardLabel": "27,95 kr",
                    "textLabel": "Alltid bra pris!",
                    "redeemLimitLabel": "",
                    "cartLabel": null,
                    "validUntil": null,
                    "timesUsed": null,
                    "qualifyingCount": 1,
                    "comparePrice": "107,50 kr",
                    "splashTitleText": "Alltid bra pris",
                    "realMixAndMatch": false,
                    "mainProductCode": "101254296_ST",
                    "conditionLabelFormatted": "",
                    "promotionRedeemLimit": null,
                    "promotionPercentage": null,
                    "cartLabelFormatted": "",
                    "priority": 208,
                    "code": "10009465462"
                }
            ],
            "inactivePotentialPromotions": [],
            "priceValue": 27.95,
            "price": "27,95 kr",
            "image": {
                "imageType": "PRIMARY",
                "format": "product",
                "url": "https://assets.axfood.se/image/upload/f_auto,t_200/03392590203785_C1L1_s01",
                "altText": null,
                "galleryIndex": null,
                "width": null
            },
            "ranking": 20.9110897922962,
            "depositPrice": "",
            "averageWeight": null,
            "comparePrice": "107,50 kr",
            "comparePriceUnit": "kg",
            "isDrugProduct": false,
            "solrSearchScore": 0.7614262700080872,
            "energyDeclaration": null,
            "newsSplashProduct": false,
            "notAllowedB2b": false,
            "notAllowedAnonymous": false,
            "productLine2": "POP! BAKERY, 260g",
            "pickupProductLine2": "POP! BAKERY, 260g",
            "priceUnit": "kr/st",
            "priceNoUnit": "27,95",
            "savingsAmount": 0.0,
            "googleAnalyticsCategory": "fardigmat|pizza-paj-och-piroger|degar",
            "gdprTrackingIncompliant": false,
            "nicotineMedicalProduct": false,
            "tobaccoFreeNicotineProduct": false,
            "nonEkoProduct": false,
            "precautionaryStatements": [],
            "hazards": [],
            "tobaccoProduct": false,
            "showGoodPriceIcon": true,
            "labels": [
                "crossed_ax"
            ],
            "seoDescription": "",
            "seoTitle": "",
            "manufacturer": "Pop! Bakery",
            "incrementValue": 1.0,
            "productBasketType": {
                "code": "ST",
                "type": "ProductBasketTypeEnum"
            },
            "bargainProduct": false,
            "addToCartMessage": "",
            "thumbnail": {
                "imageType": "PRIMARY",
                "format": "thumbnail",
                "url": "https://assets.axfood.se/image/upload/f_auto,t_100/03392590203785_C1L1_s01",
                "altText": null,
                "galleryIndex": null,
                "width": null
            },
            "outOfStock": false,
            "online": true,
            "displayVolume": "260g",
            "addToCartDisabled": false,
            "name": "Pizzadeg Gluten & Laktosfri",
            "code": "101254296_ST"
        },
        {
            "potentialPromotions": [
                {
                    "threshold": null,
                    "applied": false,
                    "campaignType": "GENERAL",
                    "offerStatus": null,
                    "productCodes": [
                        "101393021_ST"
                    ],
                    "promotionTheme": {
                        "code": "Z019",
                        "visible": null
                    },
                    "textLabelGenerated": "Alltid bra pris!",
                    "textLabelManual": null,
                    "lowestHistoricalPrice": null,
                    "price": {
                        "currencyIso": "SEK",
                        "value": 59.95,
                        "priceType": "BUY",
                        "formattedValue": "59,95 kr",
                        "minQuantity": null,
                        "maxQuantity": null
                    },
                    "promotionType": "MixMatchPricePromotion",
                    "conditionLabel": "",
                    "rewardLabel": "59,95 kr",
                    "textLabel": "Alltid bra pris!",
                    "redeemLimitLabel": "",
                    "cartLabel": null,
                    "validUntil": null,
                    "timesUsed": null,
                    "qualifyingCount": 1,
                    "comparePrice": "18,16 kr",
                    "splashTitleText": "Alltid bra pris",
                    "realMixAndMatch": false,
                    "mainProductCode": "101364838_ST",
                    "conditionLabelFormatted": "",
                    "promotionRedeemLimit": null,
                    "promotionPercentage": null,
                    "cartLabelFormatted": "",
                    "priority": 208,
                    "code": "10009465461"
                }
            ],
            "inactivePotentialPromotions": [],
            "priceValue": 59.95,
            "price": "59,95 kr",
            "image": {
                "imageType": "PRIMARY",
                "format": "product",
                "url": "https://assets.axfood.se/image/upload/f_auto,t_200/07310074009377_C1L1_s02",
                "altText": null,
                "galleryIndex": null,
                "width": null
            },
            "ranking": 20.9110897890194,
            "depositPrice": "10,00 kr",
            "averageWeight": null,
            "comparePrice": "18,16 kr",
            "comparePriceUnit": "l",
            "isDrugProduct": false,
            "solrSearchScore": 0.7614262700080872,
            "energyDeclaration": null,
            "newsSplashProduct": false,
            "notAllowedB2b": false,
            "notAllowedAnonymous": false,
            "productLine2": "PEPSI, 10p/33cl",
            "pickupProductLine2": "PEPSI, 10p/33cl",
            "priceUnit": "kr/st",
            "priceNoUnit": "59,95",
            "savingsAmount": 0.0,
            "googleAnalyticsCategory": "dryck|lask|lask-liten",
            "gdprTrackingIncompliant": false,
            "nicotineMedicalProduct": false,
            "tobaccoFreeNicotineProduct": false,
            "nonEkoProduct": false,
            "precautionaryStatements": [],
            "hazards": [],
            "tobaccoProduct": false,
            "showGoodPriceIcon": true,
            "labels": [],
            "seoDescription": "",
            "seoTitle": "",
            "manufacturer": "Pepsi",
            "incrementValue": 1.0,
            "productBasketType": {
                "code": "ST",
                "type": "ProductBasketTypeEnum"
            },
            "bargainProduct": false,
            "addToCartMessage": "",
            "thumbnail": {
                "imageType": "PRIMARY",
                "format": "thumbnail",
                "url": "https://assets.axfood.se/image/upload/f_auto,t_100/07310074009377_C1L1_s02",
                "altText": null,
                "galleryIndex": null,
                "width": null
            },
            "outOfStock": false,
            "online": true,
            "displayVolume": "10p/33cl",
            "addToCartDisabled": false,
            "name": "Pepsi Max Läsk Burk",
            "code": "101393021_ST"
        },
        {
            "potentialPromotions": [
                {
                    "threshold": null,
                    "applied": false,
                    "campaignType": "GENERAL",
                    "offerStatus": null,
                    "productCodes": [
                        "101243582_ST"
                    ],
                    "promotionTheme": {
                        "code": "Z019",
                        "visible": null
                    },
                    "textLabelGenerated": "Alltid bra pris!",
                    "textLabelManual": null,
                    "lowestHistoricalPrice": null,
                    "price": {
                        "currencyIso": "SEK",
                        "value": 22.95,
                        "priceType": "BUY",
                        "formattedValue": "22,95 kr",
                        "minQuantity": null,
                        "maxQuantity": null
                    },
                    "promotionType": "MixMatchPricePromotion",
                    "conditionLabel": "",
                    "rewardLabel": "22,95 kr",
                    "textLabel": "Alltid bra pris!",
                    "redeemLimitLabel": "",
                    "cartLabel": null,
                    "validUntil": null,
                    "timesUsed": null,
                    "qualifyingCount": 1,
                    "comparePrice": "11,48 kr",
                    "splashTitleText": "Alltid bra pris",
                    "realMixAndMatch": false,
                    "mainProductCode": "101243582_ST",
                    "conditionLabelFormatted": "",
                    "promotionRedeemLimit": null,
                    "promotionPercentage": null,
                    "cartLabelFormatted": "",
                    "priority": 208,
                    "code": "10009465460"
                }
            ],
            "inactivePotentialPromotions": [],
            "priceValue": 22.95,
            "price": "22,95 kr",
            "image": {
                "imageType": "PRIMARY",
                "format": "product",
                "url": "https://assets.axfood.se/image/upload/f_auto,t_200/07611612800068_C1N1_s01",
                "altText": null,
                "galleryIndex": null,
                "width": null
            },
            "ranking": 20.9110897857426,
            "depositPrice": "",
            "averageWeight": null,
            "comparePrice": "11,48 kr",
            "comparePriceUnit": "kg",
            "isDrugProduct": false,
            "solrSearchScore": 0.7614262700080872,
            "energyDeclaration": null,
            "newsSplashProduct": false,
            "notAllowedB2b": false,
            "notAllowedAnonymous": false,
            "productLine2": "OMEGA, 2kg",
            "pickupProductLine2": "OMEGA, 2kg",
            "priceUnit": "kr/st",
            "priceNoUnit": "22,95",
            "savingsAmount": 0.0,
            "googleAnalyticsCategory": "fryst|glass|is-och-storpack",
            "gdprTrackingIncompliant": false,
            "nicotineMedicalProduct": false,
            "tobaccoFreeNicotineProduct": false,
            "nonEkoProduct": false,
            "precautionaryStatements": [],
            "hazards": [],
            "tobaccoProduct": false,
            "showGoodPriceIcon": true,
            "labels": [],
            "seoDescription": "",
            "seoTitle": "",
            "manufacturer": "Omega",
            "incrementValue": 1.0,
            "productBasketType": {
                "code": "ST",
                "type": "ProductBasketTypeEnum"
            },
            "bargainProduct": false,
            "addToCartMessage": "",
            "thumbnail": {
                "imageType": "PRIMARY",
                "format": "thumbnail",
                "url": "https://assets.axfood.se/image/upload/f_auto,t_100/07611612800068_C1N1_s01",
                "altText": null,
                "galleryIndex": null,
                "width": null
            },
            "outOfStock": false,
            "online": true,
            "displayVolume": "2kg",
            "addToCartDisabled": false,
            "name": "Isbitar",
            "code": "101243582_ST"
        },
        {
            "potentialPromotions": [
                {
                    "threshold": null,
                    "applied": false,
                    "campaignType": "GENERAL",
                    "offerStatus": null,
                    "productCodes": [
                        "100906646_ST"
                    ],
                    "promotionTheme": {
                        "code": "Z019",
                        "visible": null
                    },
                    "textLabelGenerated": "Alltid bra pris!",
                    "textLabelManual": null,
                    "lowestHistoricalPrice": null,
                    "price": {
                        "currencyIso": "SEK",
                        "value": 45.95,
                        "priceType": "BUY",
                        "formattedValue": "45,95 kr",
                        "minQuantity": null,
                        "maxQuantity": null
                    },
                    "promotionType": "MixMatchPricePromotion",
                    "conditionLabel": "",
                    "rewardLabel": "45,95 kr",
                    "textLabel": "Alltid bra pris!",
                    "redeemLimitLabel": "",
                    "cartLabel": null,
                    "validUntil": null,
                    "timesUsed": null,
                    "qualifyingCount": 1,
                    "comparePrice": "65,64 kr",
                    "splashTitleText": "Alltid bra pris",
                    "realMixAndMatch": false,
                    "mainProductCode": "100906646_ST",
                    "conditionLabelFormatted": "",
                    "promotionRedeemLimit": null,
                    "promotionPercentage": null,
                    "cartLabelFormatted": "",
                    "priority": 208,
                    "code": "10009465459"
                }
            ],
            "inactivePotentialPromotions": [],
            "priceValue": 45.95,
            "price": "45,95 kr",
            "image": {
                "imageType": "PRIMARY",
                "format": "product",
                "url": "https://assets.axfood.se/image/upload/f_auto,t_200/07622300247942_C1L1_s01",
                "altText": null,
                "galleryIndex": null,
                "width": null
            },
            "ranking": 20.9110897824658,
            "depositPrice": "",
            "averageWeight": null,
            "comparePrice": "65,64 kr",
            "comparePriceUnit": "kg",
            "isDrugProduct": false,
            "solrSearchScore": 0.7614262700080872,
            "energyDeclaration": null,
            "newsSplashProduct": false,
            "notAllowedB2b": false,
            "notAllowedAnonymous": false,
            "productLine2": "O'BOY, 700g",
            "pickupProductLine2": "O'BOY, 700g",
            "priceUnit": "kr/st",
            "priceNoUnit": "45,95",
            "savingsAmount": 0.0,
            "googleAnalyticsCategory": "dryck|te-och-chokladdryck|chokladdryck",
            "gdprTrackingIncompliant": false,
            "nicotineMedicalProduct": false,
            "tobaccoFreeNicotineProduct": false,
            "nonEkoProduct": false,
            "precautionaryStatements": [],
            "hazards": [],
            "tobaccoProduct": false,
            "showGoodPriceIcon": true,
            "labels": [],
            "seoDescription": "",
            "seoTitle": "",
            "manufacturer": "O'boy",
            "incrementValue": 1.0,
            "productBasketType": {
                "code": "ST",
                "type": "ProductBasketTypeEnum"
            },
            "bargainProduct": false,
            "addToCartMessage": "",
            "thumbnail": {
                "imageType": "PRIMARY",
                "format": "thumbnail",
                "url": "https://assets.axfood.se/image/upload/f_auto,t_100/07622300247942_C1L1_s01",
                "altText": null,
                "galleryIndex": null,
                "width": null
            },
            "outOfStock": false,
            "online": true,
            "displayVolume": "700g",
            "addToCartDisabled": false,
            "name": "O'boy Original",
            "code": "100906646_ST"
        },
        {
            "potentialPromotions": [
                {
                    "threshold": null,
                    "applied": false,
                    "campaignType": "GENERAL",
                    "offerStatus": null,
                    "productCodes": [
                        "101339697_ST"
                    ],
                    "promotionTheme": {
                        "code": "Z019",
                        "visible": null
                    },
                    "textLabelGenerated": "Alltid bra pris!",
                    "textLabelManual": null,
                    "lowestHistoricalPrice": null,
                    "price": {
                        "currencyIso": "SEK",
                        "value": 29.95,
                        "priceType": "BUY",
                        "formattedValue": "29,95 kr",
                        "minQuantity": null,
                        "maxQuantity": null
                    },
                    "promotionType": "MixMatchPricePromotion",
                    "conditionLabel": "",
                    "rewardLabel": "29,95 kr",
                    "textLabel": "Alltid bra pris!",
                    "redeemLimitLabel": "",
                    "cartLabel": null,
                    "validUntil": null,
                    "timesUsed": null,
                    "qualifyingCount": 1,
                    "comparePrice": "7,49 kr",
                    "splashTitleText": "Alltid bra pris",
                    "realMixAndMatch": false,
                    "mainProductCode": "101339697_ST",
                    "conditionLabelFormatted": "",
                    "promotionRedeemLimit": null,
                    "promotionPercentage": null,
                    "cartLabelFormatted": "",
                    "priority": 208,
                    "code": "10009465458"
                }
            ],
            "inactivePotentialPromotions": [],
            "priceValue": 29.95,
            "price": "29,95 kr",
            "image": {
                "imageType": "PRIMARY",
                "format": "product",
                "url": "https://assets.axfood.se/image/upload/f_auto,t_200/07340083489020_C1N1_s01",
                "altText": null,
                "galleryIndex": null,
                "width": null
            },
            "ranking": 20.911089779189,
            "depositPrice": "",
            "averageWeight": null,
            "comparePrice": "7,49 kr",
            "comparePriceUnit": "st",
            "isDrugProduct": false,
            "solrSearchScore": 0.7614262700080872,
            "energyDeclaration": null,
            "newsSplashProduct": false,
            "notAllowedB2b": false,
            "notAllowedAnonymous": false,
            "productLine2": "MEVOLUTION, 4p",
            "pickupProductLine2": "MEVOLUTION, 4p",
            "priceUnit": "kr/st",
            "priceNoUnit": "29,95",
            "savingsAmount": 0.0,
            "googleAnalyticsCategory": "halsa-och-skonhet|munvard|tandborstar",
            "gdprTrackingIncompliant": false,
            "nicotineMedicalProduct": false,
            "tobaccoFreeNicotineProduct": false,
            "nonEkoProduct": false,
            "precautionaryStatements": [],
            "hazards": [],
            "tobaccoProduct": false,
            "showGoodPriceIcon": true,
            "labels": [],
            "seoDescription": "",
            "seoTitle": "",
            "manufacturer": "Mevolution",
            "incrementValue": 1.0,
            "productBasketType": {
                "code": "ST",
                "type": "ProductBasketTypeEnum"
            },
            "bargainProduct": false,
            "addToCartMessage": "",
            "thumbnail": {
                "imageType": "PRIMARY",
                "format": "thumbnail",
                "url": "https://assets.axfood.se/image/upload/f_auto,t_100/07340083489020_C1N1_s01",
                "altText": null,
                "galleryIndex": null,
                "width": null
            },
            "outOfStock": false,
            "online": true,
            "displayVolume": "4p",
            "addToCartDisabled": false,
            "name": "Happy Brushing Soft Tandborste",
            "code": "101339697_ST"
        },
        {
            "potentialPromotions": [
                {
                    "threshold": null,
                    "applied": false,
                    "campaignType": "GENERAL",
                    "offerStatus": null,
                    "productCodes": [
                        "101607348_ST"
                    ],
                    "promotionTheme": {
                        "code": "Z019",
                        "visible": null
                    },
                    "textLabelGenerated": "Alltid bra pris!",
                    "textLabelManual": null,
                    "lowestHistoricalPrice": null,
                    "price": {
                        "currencyIso": "SEK",
                        "value": 19.95,
                        "priceType": "BUY",
                        "formattedValue": "19,95 kr",
                        "minQuantity": null,
                        "maxQuantity": null
                    },
                    "promotionType": "MixMatchPricePromotion",
                    "conditionLabel": "",
                    "rewardLabel": "19,95 kr",
                    "textLabel": "Alltid bra pris!",
                    "redeemLimitLabel": "",
                    "cartLabel": null,
                    "validUntil": null,
                    "timesUsed": null,
                    "qualifyingCount": 1,
                    "comparePrice": "2,00 kr",
                    "splashTitleText": "Alltid bra pris",
                    "realMixAndMatch": false,
                    "mainProductCode": "101607348_ST",
                    "conditionLabelFormatted": "",
                    "promotionRedeemLimit": null,
                    "promotionPercentage": null,
                    "cartLabelFormatted": "",
                    "priority": 208,
                    "code": "10009465457"
                }
            ],
            "inactivePotentialPromotions": [],
            "priceValue": 19.95,
            "price": "19,95 kr",
            "image": {
                "imageType": "PRIMARY",
                "format": "product",
                "url": "https://assets.axfood.se/image/upload/f_auto,t_200/07311043012329_C1L1_s01",
                "altText": null,
                "galleryIndex": null,
                "width": null
            },
            "ranking": 20.9110897759122,
            "depositPrice": "",
            "averageWeight": null,
            "comparePrice": "2,00 kr",
            "comparePriceUnit": "st",
            "isDrugProduct": false,
            "solrSearchScore": 0.7614262700080872,
            "energyDeclaration": null,
            "newsSplashProduct": false,
            "notAllowedB2b": false,
            "notAllowedAnonymous": false,
            "productLine2": "MEVOLUTION, 10p",
            "pickupProductLine2": "MEVOLUTION, 10p",
            "priceUnit": "kr/st",
            "priceNoUnit": "19,95",
            "savingsAmount": 0.0,
            "googleAnalyticsCategory": "halsa-och-skonhet|kroppsvard|nasdukar-och-bomull",
            "gdprTrackingIncompliant": false,
            "nicotineMedicalProduct": false,
            "tobaccoFreeNicotineProduct": false,
            "nonEkoProduct": false,
            "precautionaryStatements": [],
            "hazards": [],
            "tobaccoProduct": false,
            "showGoodPriceIcon": true,
            "labels": [
                "swan",
                "environmental_facet"
            ],
            "seoDescription": "",
            "seoTitle": "",
            "manufacturer": "Mevolution",
            "incrementValue": 1.0,
            "productBasketType": {
                "code": "ST",
                "type": "ProductBasketTypeEnum"
            },
            "bargainProduct": false,
            "addToCartMessage": "",
            "thumbnail": {
                "imageType": "PRIMARY",
                "format": "thumbnail",
                "url": "https://assets.axfood.se/image/upload/f_auto,t_100/07311043012329_C1L1_s01",
                "altText": null,
                "galleryIndex": null,
                "width": null
            },
            "outOfStock": false,
            "online": true,
            "displayVolume": "10p",
            "addToCartDisabled": false,
            "name": "Heavenly Soft Pocket Tissues Näsdukar",
            "code": "101607348_ST"
        },
        {
            "potentialPromotions": [
                {
                    "threshold": null,
                    "applied": false,
                    "campaignType": "GENERAL",
                    "offerStatus": null,
                    "productCodes": [
                        "101427398_ST"
                    ],
                    "promotionTheme": {
                        "code": "Z019",
                        "visible": null
                    },
                    "textLabelGenerated": "Alltid bra pris!",
                    "textLabelManual": null,
                    "lowestHistoricalPrice": null,
                    "price": {
                        "currencyIso": "SEK",
                        "value": 19.95,
                        "priceType": "BUY",
                        "formattedValue": "19,95 kr",
                        "minQuantity": null,
                        "maxQuantity": null
                    },
                    "promotionType": "MixMatchPricePromotion",
                    "conditionLabel": "",
                    "rewardLabel": "19,95 kr",
                    "textLabel": "Alltid bra pris!",
                    "redeemLimitLabel": "",
                    "cartLabel": null,
                    "validUntil": null,
                    "timesUsed": null,
                    "qualifyingCount": 1,
                    "comparePrice": "99,75 kr",
                    "splashTitleText": "Alltid bra pris",
                    "realMixAndMatch": false,
                    "mainProductCode": "101427398_ST",
                    "conditionLabelFormatted": "",
                    "promotionRedeemLimit": null,
                    "promotionPercentage": null,
                    "cartLabelFormatted": "",
                    "priority": 208,
                    "code": "10009465454"
                }
            ],
            "inactivePotentialPromotions": [],
            "priceValue": 19.95,
            "price": "19,95 kr",
            "image": {
                "imageType": "PRIMARY",
                "format": "product",
                "url": "https://assets.axfood.se/image/upload/f_auto,t_200/07340083498923_C1N1_s01",
                "altText": null,
                "galleryIndex": null,
                "width": null
            },
            "ranking": 20.9110897693586,
            "depositPrice": "",
            "averageWeight": null,
            "comparePrice": "99,75 kr",
            "comparePriceUnit": "kg",
            "isDrugProduct": false,
            "solrSearchScore": 0.7614262700080872,
            "energyDeclaration": null,
            "newsSplashProduct": false,
            "notAllowedB2b": false,
            "notAllowedAnonymous": false,
            "productLine2": "GARANT EKO, 200g",
            "pickupProductLine2": "GARANT EKO, 200g",
            "priceUnit": "kr/st",
            "priceNoUnit": "19,95",
            "savingsAmount": 0.0,
            "googleAnalyticsCategory": "skafferi|kryddor-och-smaksattare|ketchup-och-senap",
            "gdprTrackingIncompliant": false,
            "nicotineMedicalProduct": false,
            "tobaccoFreeNicotineProduct": false,
            "nonEkoProduct": false,
            "precautionaryStatements": [],
            "hazards": [],
            "tobaccoProduct": false,
            "showGoodPriceIcon": true,
            "labels": [
                "ecological",
                "eu_ecological"
            ],
            "seoDescription": "",
            "seoTitle": "",
            "manufacturer": "Garant Eko",
            "incrementValue": 1.0,
            "productBasketType": {
                "code": "ST",
                "type": "ProductBasketTypeEnum"
            },
            "bargainProduct": false,
            "addToCartMessage": "",
            "thumbnail": {
                "imageType": "PRIMARY",
                "format": "thumbnail",
                "url": "https://assets.axfood.se/image/upload/f_auto,t_100/07340083498923_C1N1_s01",
                "altText": null,
                "galleryIndex": null,
                "width": null
            },
            "outOfStock": false,
            "online": true,
            "displayVolume": "200g",
            "addToCartDisabled": false,
            "name": "Tomatpuré Ekologisk",
            "code": "101427398_ST"
        },
        {
            "potentialPromotions": [
                {
                    "threshold": null,
                    "applied": false,
                    "campaignType": "GENERAL",
                    "offerStatus": null,
                    "productCodes": [
                        "101274043_ST"
                    ],
                    "promotionTheme": {
                        "code": "Z019",
                        "visible": null
                    },
                    "textLabelGenerated": "Alltid bra pris!",
                    "textLabelManual": null,
                    "lowestHistoricalPrice": null,
                    "price": {
                        "currencyIso": "SEK",
                        "value": 59.95,
                        "priceType": "BUY",
                        "formattedValue": "59,95 kr",
                        "minQuantity": null,
                        "maxQuantity": null
                    },
                    "promotionType": "MixMatchPricePromotion",
                    "conditionLabel": "",
                    "rewardLabel": "59,95 kr",
                    "textLabel": "Alltid bra pris!",
                    "redeemLimitLabel": "",
                    "cartLabel": null,
                    "validUntil": null,
                    "timesUsed": null,
                    "qualifyingCount": 1,
                    "comparePrice": "119,90 kr",
                    "splashTitleText": "Alltid bra pris",
                    "realMixAndMatch": false,
                    "mainProductCode": "101274043_ST",
                    "conditionLabelFormatted": "",
                    "promotionRedeemLimit": null,
                    "promotionPercentage": null,
                    "cartLabelFormatted": "",
                    "priority": 208,
                    "code": "10009465453"
                }
            ],
            "inactivePotentialPromotions": [],
            "priceValue": 59.95,
            "price": "59,95 kr",
            "image": {
                "imageType": "PRIMARY",
                "format": "product",
                "url": "https://assets.axfood.se/image/upload/f_auto,t_200/07340083463785_C1L1_s02",
                "altText": null,
                "galleryIndex": null,
                "width": null
            },
            "ranking": 20.9110897660818,
            "depositPrice": "",
            "averageWeight": null,
            "comparePrice": "119,90 kr",
            "comparePriceUnit": "l",
            "isDrugProduct": false,
            "solrSearchScore": 0.7614262700080872,
            "energyDeclaration": null,
            "newsSplashProduct": false,
            "notAllowedB2b": false,
            "notAllowedAnonymous": false,
            "productLine2": "GARANT EKO, 500ml",
            "pickupProductLine2": "GARANT EKO, 500ml",
            "priceUnit": "kr/st",
            "priceNoUnit": "59,95",
            "savingsAmount": 0.0,
            "googleAnalyticsCategory": "skafferi|olja-och-vinager|olja",
            "gdprTrackingIncompliant": false,
            "nicotineMedicalProduct": false,
            "tobaccoFreeNicotineProduct": false,
            "nonEkoProduct": false,
            "precautionaryStatements": [],
            "hazards": [],
            "tobaccoProduct": false,
            "showGoodPriceIcon": true,
            "labels": [
                "ecological",
                "eu_ecological",
                "keyhole",
                "eu_flower",
                "environmental_facet"
            ],
            "seoDescription": "",
            "seoTitle": "",
            "manufacturer": "Garant Eko",
            "incrementValue": 1.0,
            "productBasketType": {
                "code": "ST",
                "type": "ProductBasketTypeEnum"
            },
            "bargainProduct": false,
            "addToCartMessage": "",
            "thumbnail": {
                "imageType": "PRIMARY",
                "format": "thumbnail",
                "url": "https://assets.axfood.se/image/upload/f_auto,t_100/07340083463785_C1L1_s02",
                "altText": null,
                "galleryIndex": null,
                "width": null
            },
            "outOfStock": false,
            "online": true,
            "displayVolume": "500ml",
            "addToCartDisabled": false,
            "name": "Olivolja Spansk Extra Jungfru",
            "code": "101274043_ST"
        },
        {
            "potentialPromotions": [
                {
                    "threshold": null,
                    "applied": false,
                    "campaignType": "GENERAL",
                    "offerStatus": null,
                    "productCodes": [
                        "101220873_ST"
                    ],
                    "promotionTheme": {
                        "code": "Z019",
                        "visible": null
                    },
                    "textLabelGenerated": "Alltid bra pris!",
                    "textLabelManual": null,
                    "lowestHistoricalPrice": null,
                    "price": {
                        "currencyIso": "SEK",
                        "value": 29.0,
                        "priceType": "BUY",
                        "formattedValue": "29,00 kr",
                        "minQuantity": null,
                        "maxQuantity": null
                    },
                    "promotionType": "MixMatchPricePromotion",
                    "conditionLabel": "",
                    "rewardLabel": "29 kr",
                    "textLabel": "Alltid bra pris!",
                    "redeemLimitLabel": "",
                    "cartLabel": null,
                    "validUntil": null,
                    "timesUsed": null,
                    "qualifyingCount": 1,
                    "comparePrice": "386,67 kr",
                    "splashTitleText": "Alltid bra pris",
                    "realMixAndMatch": false,
                    "mainProductCode": "101220873_ST",
                    "conditionLabelFormatted": "",
                    "promotionRedeemLimit": null,
                    "promotionPercentage": null,
                    "cartLabelFormatted": "",
                    "priority": 208,
                    "code": "10009465452"
                }
            ],
            "inactivePotentialPromotions": [],
            "priceValue": 29.0,
            "price": "29,00 kr",
            "image": {
                "imageType": "PRIMARY",
                "format": "product",
                "url": "https://assets.axfood.se/image/upload/f_auto,t_200/07340083435010_C1N1_s01",
                "altText": null,
                "galleryIndex": null,
                "width": null
            },
            "ranking": 20.911089762805,
            "depositPrice": "",
            "averageWeight": null,
            "comparePrice": "386,67 kr",
            "comparePriceUnit": "kg",
            "isDrugProduct": false,
            "solrSearchScore": 0.7614262700080872,
            "energyDeclaration": null,
            "newsSplashProduct": false,
            "notAllowedB2b": false,
            "notAllowedAnonymous": false,
            "productLine2": "GARANT EKO, 75g",
            "pickupProductLine2": "GARANT EKO, 75g",
            "priceUnit": "kr/st",
            "priceNoUnit": "29,00",
            "savingsAmount": 0.0,
            "googleAnalyticsCategory": "godis-snacks-och-glass|torkad-frukt",
            "gdprTrackingIncompliant": false,
            "nicotineMedicalProduct": false,
            "tobaccoFreeNicotineProduct": false,
            "nonEkoProduct": false,
            "precautionaryStatements": [],
            "hazards": [],
            "tobaccoProduct": false,
            "showGoodPriceIcon": true,
            "labels": [
                "ecological",
                "eu_ecological"
            ],
            "seoDescription": "",
            "seoTitle": "",
            "manufacturer": "Garant Eko",
            "incrementValue": 1.0,
            "productBasketType": {
                "code": "ST",
                "type": "ProductBasketTypeEnum"
            },
            "bargainProduct": false,
            "addToCartMessage": "",
            "thumbnail": {
                "imageType": "PRIMARY",
                "format": "thumbnail",
                "url": "https://assets.axfood.se/image/upload/f_auto,t_100/07340083435010_C1N1_s01",
                "altText": null,
                "galleryIndex": null,
                "width": null
            },
            "outOfStock": false,
            "online": true,
            "displayVolume": "75g",
            "addToCartDisabled": false,
            "name": "Torkad Mango Ekologisk",
            "code": "101220873_ST"
        },
        {
            "potentialPromotions": [
                {
                    "threshold": null,
                    "applied": false,
                    "campaignType": "GENERAL",
                    "offerStatus": null,
                    "productCodes": [
                        "101307904_ST"
                    ],
                    "promotionTheme": {
                        "code": "Z019",
                        "visible": null
                    },
                    "textLabelGenerated": "Alltid bra pris!",
                    "textLabelManual": null,
                    "lowestHistoricalPrice": null,
                    "price": {
                        "currencyIso": "SEK",
                        "value": 25.0,
                        "priceType": "BUY",
                        "formattedValue": "25,00 kr",
                        "minQuantity": null,
                        "maxQuantity": null
                    },
                    "promotionType": "MixMatchPricePromotion",
                    "conditionLabel": "",
                    "rewardLabel": "25 kr",
                    "textLabel": "Alltid bra pris!",
                    "redeemLimitLabel": "",
                    "cartLabel": null,
                    "validUntil": null,
                    "timesUsed": null,
                    "qualifyingCount": 1,
                    "comparePrice": "148,81 kr",
                    "splashTitleText": "Alltid bra pris",
                    "realMixAndMatch": false,
                    "mainProductCode": "101307904_ST",
                    "conditionLabelFormatted": "",
                    "promotionRedeemLimit": null,
                    "promotionPercentage": null,
                    "cartLabelFormatted": "",
                    "priority": 208,
                    "code": "10009465451"
                }
            ],
            "inactivePotentialPromotions": [],
            "priceValue": 25.0,
            "price": "25,00 kr",
            "image": {
                "imageType": "PRIMARY",
                "format": "product",
                "url": "https://assets.axfood.se/image/upload/f_auto,t_200/07340083476396_C1L1_s01",
                "altText": null,
                "galleryIndex": null,
                "width": null
            },
            "ranking": 20.9110897595282,
            "depositPrice": "",
            "averageWeight": null,
            "comparePrice": "148,81 kr",
            "comparePriceUnit": "kg",
            "isDrugProduct": false,
            "solrSearchScore": 0.7614262700080872,
            "energyDeclaration": null,
            "newsSplashProduct": false,
            "notAllowedB2b": false,
            "notAllowedAnonymous": false,
            "productLine2": "GARANT EKO, 168g",
            "pickupProductLine2": "GARANT EKO, 168g",
            "priceUnit": "kr/st",
            "priceNoUnit": "25,00",
            "savingsAmount": 0.0,
            "googleAnalyticsCategory": "godis-snacks-och-glass|torkad-frukt",
            "gdprTrackingIncompliant": false,
            "nicotineMedicalProduct": false,
            "tobaccoFreeNicotineProduct": false,
            "nonEkoProduct": false,
            "precautionaryStatements": [],
            "hazards": [],
            "tobaccoProduct": false,
            "showGoodPriceIcon": true,
            "labels": [
                "ecological",
                "krav",
                "eu_ecological"
            ],
            "seoDescription": "",
            "seoTitle": "",
            "manufacturer": "Garant Eko",
            "incrementValue": 1.0,
            "productBasketType": {
                "code": "ST",
                "type": "ProductBasketTypeEnum"
            },
            "bargainProduct": false,
            "addToCartMessage": "",
            "thumbnail": {
                "imageType": "PRIMARY",
                "format": "thumbnail",
                "url": "https://assets.axfood.se/image/upload/f_auto,t_100/07340083476396_C1L1_s01",
                "altText": null,
                "galleryIndex": null,
                "width": null
            },
            "outOfStock": false,
            "online": true,
            "displayVolume": "168g",
            "addToCartDisabled": false,
            "name": "Russin 4-pack",
            "code": "101307904_ST"
        },
        {
            "potentialPromotions": [
                {
                    "threshold": null,
                    "applied": false,
                    "campaignType": "GENERAL",
                    "offerStatus": null,
                    "productCodes": [
                        "101358421_ST"
                    ],
                    "promotionTheme": {
                        "code": "Z019",
                        "visible": null
                    },
                    "textLabelGenerated": "Alltid bra pris!",
                    "textLabelManual": null,
                    "lowestHistoricalPrice": null,
                    "price": {
                        "currencyIso": "SEK",
                        "value": 26.95,
                        "priceType": "BUY",
                        "formattedValue": "26,95 kr",
                        "minQuantity": null,
                        "maxQuantity": null
                    },
                    "promotionType": "MixMatchPricePromotion",
                    "conditionLabel": "",
                    "rewardLabel": "26,95 kr",
                    "textLabel": "Alltid bra pris!",
                    "redeemLimitLabel": "",
                    "cartLabel": null,
                    "validUntil": null,
                    "timesUsed": null,
                    "qualifyingCount": 1,
                    "comparePrice": "67,38 kr",
                    "splashTitleText": "Alltid bra pris",
                    "realMixAndMatch": false,
                    "mainProductCode": "101358421_ST",
                    "conditionLabelFormatted": "",
                    "promotionRedeemLimit": null,
                    "promotionPercentage": null,
                    "cartLabelFormatted": "",
                    "priority": 208,
                    "code": "10009465450"
                }
            ],
            "inactivePotentialPromotions": [],
            "priceValue": 26.95,
            "price": "26,95 kr",
            "image": {
                "imageType": "PRIMARY",
                "format": "product",
                "url": "https://assets.axfood.se/image/upload/f_auto,t_200/07340083496912_C1N1_s01",
                "altText": null,
                "galleryIndex": null,
                "width": null
            },
            "ranking": 20.9110897562514,
            "depositPrice": "",
            "averageWeight": null,
            "comparePrice": "67,38 kr",
            "comparePriceUnit": "kg",
            "isDrugProduct": false,
            "solrSearchScore": 0.7614262700080872,
            "energyDeclaration": null,
            "newsSplashProduct": false,
            "notAllowedB2b": false,
            "notAllowedAnonymous": false,
            "productLine2": "GARANT EKO, 400g",
            "pickupProductLine2": "GARANT EKO, 400g",
            "priceUnit": "kr/st",
            "priceNoUnit": "26,95",
            "savingsAmount": 0.0,
            "googleAnalyticsCategory": "vegetariskt|tofu",
            "gdprTrackingIncompliant": false,
            "nicotineMedicalProduct": false,
            "tobaccoFreeNicotineProduct": false,
            "nonEkoProduct": false,
            "precautionaryStatements": [],
            "hazards": [],
            "tobaccoProduct": false,
            "showGoodPriceIcon": true,
            "labels": [
                "ecological",
                "eu_ecological",
                "keyhole"
            ],
            "seoDescription": "",
            "seoTitle": "",
            "manufacturer": "Garant Eko",
            "incrementValue": 1.0,
            "productBasketType": {
                "code": "ST",
                "type": "ProductBasketTypeEnum"
            },
            "bargainProduct": false,
            "addToCartMessage": "",
            "thumbnail": {
                "imageType": "PRIMARY",
                "format": "thumbnail",
                "url": "https://assets.axfood.se/image/upload/f_auto,t_100/07340083496912_C1N1_s01",
                "altText": null,
                "galleryIndex": null,
                "width": null
            },
            "outOfStock": false,
            "online": true,
            "displayVolume": "400g",
            "addToCartDisabled": false,
            "name": "Tofu Fast Naturell Ekologisk",
            "code": "101358421_ST"
        },
        {
            "potentialPromotions": [
                {
                    "threshold": null,
                    "applied": false,
                    "campaignType": "GENERAL",
                    "offerStatus": null,
                    "productCodes": [
                        "101262873_ST"
                    ],
                    "promotionTheme": {
                        "code": "Z019",
                        "visible": null
                    },
                    "textLabelGenerated": "Alltid bra pris!",
                    "textLabelManual": null,
                    "lowestHistoricalPrice": null,
                    "price": {
                        "currencyIso": "SEK",
                        "value": 54.95,
                        "priceType": "BUY",
                        "formattedValue": "54,95 kr",
                        "minQuantity": null,
                        "maxQuantity": null
                    },
                    "promotionType": "MixMatchPricePromotion",
                    "conditionLabel": "",
                    "rewardLabel": "54,95 kr",
                    "textLabel": "Alltid bra pris!",
                    "redeemLimitLabel": "",
                    "cartLabel": null,
                    "validUntil": null,
                    "timesUsed": null,
                    "qualifyingCount": 1,
                    "comparePrice": "219,80 kr",
                    "splashTitleText": "Alltid bra pris",
                    "realMixAndMatch": false,
                    "mainProductCode": "101262873_ST",
                    "conditionLabelFormatted": "",
                    "promotionRedeemLimit": null,
                    "promotionPercentage": null,
                    "cartLabelFormatted": "",
                    "priority": 208,
                    "code": "10009465449"
                }
            ],
            "inactivePotentialPromotions": [],
            "priceValue": 54.95,
            "price": "54,95 kr",
            "image": {
                "imageType": "PRIMARY",
                "format": "product",
                "url": "https://assets.axfood.se/image/upload/f_auto,t_200/07340083455711_C1N1_s02",
                "altText": null,
                "galleryIndex": null,
                "width": null
            },
            "ranking": 20.9110897529746,
            "depositPrice": "",
            "averageWeight": null,
            "comparePrice": "219,80 kr",
            "comparePriceUnit": "l",
            "isDrugProduct": false,
            "solrSearchScore": 0.7614262700080872,
            "energyDeclaration": null,
            "newsSplashProduct": false,
            "notAllowedB2b": false,
            "notAllowedAnonymous": false,
            "productLine2": "GARANT EKO, 250ml",
            "pickupProductLine2": "GARANT EKO, 250ml",
            "priceUnit": "kr/st",
            "priceNoUnit": "54,95",
            "savingsAmount": 0.0,
            "googleAnalyticsCategory": "skafferi|asien|soja",
            "gdprTrackingIncompliant": false,
            "nicotineMedicalProduct": false,
            "tobaccoFreeNicotineProduct": false,
            "nonEkoProduct": false,
            "precautionaryStatements": [],
            "hazards": [],
            "tobaccoProduct": false,
            "showGoodPriceIcon": true,
            "labels": [
                "ecological",
                "eu_ecological",
                "crossed_ax"
            ],
            "seoDescription": "",
            "seoTitle": "",
            "manufacturer": "Garant Eko",
            "incrementValue": 1.0,
            "productBasketType": {
                "code": "ST",
                "type": "ProductBasketTypeEnum"
            },
            "bargainProduct": false,
            "addToCartMessage": "",
            "thumbnail": {
                "imageType": "PRIMARY",
                "format": "thumbnail",
                "url": "https://assets.axfood.se/image/upload/f_auto,t_100/07340083455711_C1N1_s02",
                "altText": null,
                "galleryIndex": null,
                "width": null
            },
            "outOfStock": false,
            "online": true,
            "displayVolume": "250ml",
            "addToCartDisabled": false,
            "name": "Tamari Sojasås Glutenfri",
            "code": "101262873_ST"
        },
        {
            "potentialPromotions": [
                {
                    "threshold": null,
                    "applied": false,
                    "campaignType": "GENERAL",
                    "offerStatus": null,
                    "productCodes": [
                        "101245076_ST"
                    ],
                    "promotionTheme": {
                        "code": "Z019",
                        "visible": null
                    },
                    "textLabelGenerated": "Alltid bra pris!",
                    "textLabelManual": null,
                    "lowestHistoricalPrice": null,
                    "price": {
                        "currencyIso": "SEK",
                        "value": 39.95,
                        "priceType": "BUY",
                        "formattedValue": "39,95 kr",
                        "minQuantity": null,
                        "maxQuantity": null
                    },
                    "promotionType": "MixMatchPricePromotion",
                    "conditionLabel": "",
                    "rewardLabel": "39,95 kr",
                    "textLabel": "Alltid bra pris!",
                    "redeemLimitLabel": "",
                    "cartLabel": null,
                    "validUntil": null,
                    "timesUsed": null,
                    "qualifyingCount": 1,
                    "comparePrice": "133,17 kr",
                    "splashTitleText": "Alltid bra pris",
                    "realMixAndMatch": false,
                    "mainProductCode": "101245076_ST",
                    "conditionLabelFormatted": "",
                    "promotionRedeemLimit": null,
                    "promotionPercentage": null,
                    "cartLabelFormatted": "",
                    "priority": 208,
                    "code": "10009465448"
                }
            ],
            "inactivePotentialPromotions": [],
            "priceValue": 39.95,
            "price": "39,95 kr",
            "image": {
                "imageType": "PRIMARY",
                "format": "product",
                "url": "https://assets.axfood.se/image/upload/f_auto,t_200/07340083446900_C1L1_s02",
                "altText": null,
                "galleryIndex": null,
                "width": null
            },
            "ranking": 20.9110897496978,
            "depositPrice": "",
            "averageWeight": null,
            "comparePrice": "133,17 kr",
            "comparePriceUnit": "kg",
            "isDrugProduct": false,
            "solrSearchScore": 0.7614262700080872,
            "energyDeclaration": null,
            "newsSplashProduct": false,
            "notAllowedB2b": false,
            "notAllowedAnonymous": false,
            "productLine2": "GARANT EKO, 300g",
            "pickupProductLine2": "GARANT EKO, 300g",
            "priceUnit": "kr/st",
            "priceNoUnit": "39,95",
            "savingsAmount": 0.0,
            "googleAnalyticsCategory": "skafferi|bonor-och-linser|froer-och-karnor",
            "gdprTrackingIncompliant": false,
            "nicotineMedicalProduct": false,
            "tobaccoFreeNicotineProduct": false,
            "nonEkoProduct": false,
            "precautionaryStatements": [],
            "hazards": [],
            "tobaccoProduct": false,
            "showGoodPriceIcon": true,
            "labels": [
                "ecological",
                "eu_ecological"
            ],
            "seoDescription": "",
            "seoTitle": "",
            "manufacturer": "Garant Eko",
            "incrementValue": 1.0,
            "productBasketType": {
                "code": "ST",
                "type": "ProductBasketTypeEnum"
            },
            "bargainProduct": false,
            "addToCartMessage": "",
            "thumbnail": {
                "imageType": "PRIMARY",
                "format": "thumbnail",
                "url": "https://assets.axfood.se/image/upload/f_auto,t_100/07340083446900_C1L1_s02",
                "altText": null,
                "galleryIndex": null,
                "width": null
            },
            "outOfStock": false,
            "online": true,
            "displayVolume": "300g",
            "addToCartDisabled": false,
            "name": "Pumpakärnor",
            "code": "101245076_ST"
        },
        {
            "potentialPromotions": [
                {
                    "threshold": null,
                    "applied": false,
                    "campaignType": "GENERAL",
                    "offerStatus": null,
                    "productCodes": [
                        "101229969_ST",
                        "101240159_ST"
                    ],
                    "promotionTheme": {
                        "code": "Z019",
                        "visible": null
                    },
                    "textLabelGenerated": "Alltid bra pris!",
                    "textLabelManual": null,
                    "lowestHistoricalPrice": null,
                    "price": {
                        "currencyIso": "SEK",
                        "value": 36.95,
                        "priceType": "BUY",
                        "formattedValue": "36,95 kr",
                        "minQuantity": null,
                        "maxQuantity": null
                    },
                    "promotionType": "MixMatchPricePromotion",
                    "conditionLabel": "",
                    "rewardLabel": "36,95 kr",
                    "textLabel": "Alltid bra pris!",
                    "redeemLimitLabel": "",
                    "cartLabel": null,
                    "validUntil": null,
                    "timesUsed": null,
                    "qualifyingCount": 1,
                    "comparePrice": "194,48 kr",
                    "splashTitleText": "Alltid bra pris",
                    "realMixAndMatch": false,
                    "mainProductCode": "101229969_ST",
                    "conditionLabelFormatted": "",
                    "promotionRedeemLimit": null,
                    "promotionPercentage": null,
                    "cartLabelFormatted": "",
                    "priority": 208,
                    "code": "10009465447"
                }
            ],
            "inactivePotentialPromotions": [],
            "priceValue": 36.95,
            "price": "36,95 kr",
            "image": {
                "imageType": "PRIMARY",
                "format": "product",
                "url": "https://assets.axfood.se/image/upload/f_auto,t_200/07340083439575_C1C1_s03",
                "altText": null,
                "galleryIndex": null,
                "width": null
            },
            "ranking": 20.911089746421,
            "depositPrice": "",
            "averageWeight": null,
            "comparePrice": "194,48 kr",
            "comparePriceUnit": "kg",
            "isDrugProduct": false,
            "solrSearchScore": 0.7614262700080872,
            "energyDeclaration": null,
            "newsSplashProduct": false,
            "notAllowedB2b": false,
            "notAllowedAnonymous": false,
            "productLine2": "GARANT EKO, 190g",
            "pickupProductLine2": "GARANT EKO, 190g",
            "priceUnit": "kr/st",
            "priceNoUnit": "36,95",
            "savingsAmount": 0.0,
            "googleAnalyticsCategory": "skafferi|kryddor-och-smaksattare|saser",
            "gdprTrackingIncompliant": false,
            "nicotineMedicalProduct": false,
            "tobaccoFreeNicotineProduct": false,
            "nonEkoProduct": false,
            "precautionaryStatements": [],
            "hazards": [],
            "tobaccoProduct": false,
            "showGoodPriceIcon": true,
            "labels": [
                "ecological",
                "eu_ecological"
            ],
            "seoDescription": "",
            "seoTitle": "",
            "manufacturer": "Garant Eko",
            "incrementValue": 1.0,
            "productBasketType": {
                "code": "ST",
                "type": "ProductBasketTypeEnum"
            },
            "bargainProduct": false,
            "addToCartMessage": "",
            "thumbnail": {
                "imageType": "PRIMARY",
                "format": "thumbnail",
                "url": "https://assets.axfood.se/image/upload/f_auto,t_100/07340083439575_C1C1_s03",
                "altText": null,
                "galleryIndex": null,
                "width": null
            },
            "outOfStock": false,
            "online": true,
            "displayVolume": "190g",
            "addToCartDisabled": false,
            "name": "Pesto Genovese",
            "code": "101229969_ST"
        },
        {
            "potentialPromotions": [
                {
                    "threshold": null,
                    "applied": false,
                    "campaignType": "GENERAL",
                    "offerStatus": null,
                    "productCodes": [
                        "101286329_ST"
                    ],
                    "promotionTheme": {
                        "code": "Z019",
                        "visible": null
                    },
                    "textLabelGenerated": "Alltid bra pris!",
                    "textLabelManual": null,
                    "lowestHistoricalPrice": null,
                    "price": {
                        "currencyIso": "SEK",
                        "value": 34.95,
                        "priceType": "BUY",
                        "formattedValue": "34,95 kr",
                        "minQuantity": null,
                        "maxQuantity": null
                    },
                    "promotionType": "MixMatchPricePromotion",
                    "conditionLabel": "",
                    "rewardLabel": "34,95 kr",
                    "textLabel": "Alltid bra pris!",
                    "redeemLimitLabel": "",
                    "cartLabel": null,
                    "validUntil": null,
                    "timesUsed": null,
                    "qualifyingCount": 1,
                    "comparePrice": "83,22 kr",
                    "splashTitleText": "Alltid bra pris",
                    "realMixAndMatch": false,
                    "mainProductCode": "101286329_ST",
                    "conditionLabelFormatted": "",
                    "promotionRedeemLimit": null,
                    "promotionPercentage": null,
                    "cartLabelFormatted": "",
                    "priority": 208,
                    "code": "10009465446"
                }
            ],
            "inactivePotentialPromotions": [],
            "priceValue": 34.95,
            "price": "34,95 kr",
            "image": {
                "imageType": "PRIMARY",
                "format": "product",
                "url": "https://assets.axfood.se/image/upload/f_auto,t_200/07340083468858_C1L1_s01",
                "altText": null,
                "galleryIndex": null,
                "width": null
            },
            "ranking": 20.9110897431442,
            "depositPrice": "",
            "averageWeight": null,
            "comparePrice": "83,22 kr",
            "comparePriceUnit": "kg",
            "isDrugProduct": false,
            "solrSearchScore": 0.7614262700080872,
            "energyDeclaration": null,
            "newsSplashProduct": false,
            "notAllowedB2b": false,
            "notAllowedAnonymous": false,
            "productLine2": "GARANT EKO, 450/420g",
            "pickupProductLine2": "GARANT EKO, 450/420g",
            "priceUnit": "kr/st",
            "priceNoUnit": "34,95",
            "savingsAmount": 0.0,
            "googleAnalyticsCategory": "skafferi|konserver-och-burkar|gronsakskonserver",
            "gdprTrackingIncompliant": false,
            "nicotineMedicalProduct": false,
            "tobaccoFreeNicotineProduct": false,
            "nonEkoProduct": false,
            "precautionaryStatements": [],
            "hazards": [],
            "tobaccoProduct": false,
            "showGoodPriceIcon": true,
            "labels": [
                "ecological",
                "eu_ecological",
                "keyhole"
            ],
            "seoDescription": "",
            "seoTitle": "",
            "manufacturer": "Garant Eko",
            "incrementValue": 1.0,
            "productBasketType": {
                "code": "ST",
                "type": "ProductBasketTypeEnum"
            },
            "bargainProduct": false,
            "addToCartMessage": "",
            "thumbnail": {
                "imageType": "PRIMARY",
                "format": "thumbnail",
                "url": "https://assets.axfood.se/image/upload/f_auto,t_100/07340083468858_C1L1_s01",
                "altText": null,
                "galleryIndex": null,
                "width": null
            },
            "outOfStock": false,
            "online": true,
            "displayVolume": "450/420g",
            "addToCartDisabled": false,
            "name": "Majskorn Ekologiska 3-pack",
            "code": "101286329_ST"
        },
        {
            "potentialPromotions": [
                {
                    "threshold": null,
                    "applied": false,
                    "campaignType": "GENERAL",
                    "offerStatus": null,
                    "productCodes": [
                        "101436925_ST"
                    ],
                    "promotionTheme": {
                        "code": "Z019",
                        "visible": null
                    },
                    "textLabelGenerated": "Alltid bra pris!",
                    "textLabelManual": null,
                    "lowestHistoricalPrice": null,
                    "price": {
                        "currencyIso": "SEK",
                        "value": 19.95,
                        "priceType": "BUY",
                        "formattedValue": "19,95 kr",
                        "minQuantity": null,
                        "maxQuantity": null
                    },
                    "promotionType": "MixMatchPricePromotion",
                    "conditionLabel": "",
                    "rewardLabel": "19,95 kr",
                    "textLabel": "Alltid bra pris!",
                    "redeemLimitLabel": "",
                    "cartLabel": null,
                    "validUntil": null,
                    "timesUsed": null,
                    "qualifyingCount": 1,
                    "comparePrice": "26,60 kr",
                    "splashTitleText": "Alltid bra pris",
                    "realMixAndMatch": false,
                    "mainProductCode": "101436925_ST",
                    "conditionLabelFormatted": "",
                    "promotionRedeemLimit": null,
                    "promotionPercentage": null,
                    "cartLabelFormatted": "",
                    "priority": 208,
                    "code": "10009465444"
                }
            ],
            "inactivePotentialPromotions": [],
            "priceValue": 19.95,
            "price": "19,95 kr",
            "image": {
                "imageType": "PRIMARY",
                "format": "product",
                "url": "https://assets.axfood.se/image/upload/f_auto,t_200/07311043000685_C1L1_s01",
                "altText": null,
                "galleryIndex": null,
                "width": null
            },
            "ranking": 20.9110897365906,
            "depositPrice": "",
            "averageWeight": null,
            "comparePrice": "26,60 kr",
            "comparePriceUnit": "kg",
            "isDrugProduct": false,
            "solrSearchScore": 0.7614262700080872,
            "energyDeclaration": null,
            "newsSplashProduct": false,
            "notAllowedB2b": false,
            "notAllowedAnonymous": false,
            "productLine2": "GARANT EKO, 750g",
            "pickupProductLine2": "GARANT EKO, 750g",
            "priceUnit": "kr/st",
            "priceNoUnit": "19,95",
            "savingsAmount": 0.0,
            "googleAnalyticsCategory": "skafferi|flingor-och-musli|gryner-",
            "gdprTrackingIncompliant": false,
            "nicotineMedicalProduct": false,
            "tobaccoFreeNicotineProduct": false,
            "nonEkoProduct": false,
            "precautionaryStatements": [],
            "hazards": [],
            "tobaccoProduct": false,
            "showGoodPriceIcon": true,
            "labels": [
                "ecological",
                "krav",
                "swedish_flag",
                "from_sweden",
                "eu_ecological",
                "keyhole"
            ],
            "seoDescription": "",
            "seoTitle": "",
            "manufacturer": "Garant Eko",
            "incrementValue": 1.0,
            "productBasketType": {
                "code": "ST",
                "type": "ProductBasketTypeEnum"
            },
            "bargainProduct": false,
            "addToCartMessage": "",
            "thumbnail": {
                "imageType": "PRIMARY",
                "format": "thumbnail",
                "url": "https://assets.axfood.se/image/upload/f_auto,t_100/07311043000685_C1L1_s01",
                "altText": null,
                "galleryIndex": null,
                "width": null
            },
            "outOfStock": false,
            "online": true,
            "displayVolume": "750g",
            "addToCartDisabled": false,
            "name": "Havregryn",
            "code": "101436925_ST"
        },
        {
            "potentialPromotions": [
                {
                    "threshold": null,
                    "applied": false,
                    "campaignType": "GENERAL",
                    "offerStatus": null,
                    "productCodes": [
                        "101562913_ST"
                    ],
                    "promotionTheme": {
                        "code": "Z019",
                        "visible": null
                    },
                    "textLabelGenerated": "Alltid bra pris!",
                    "textLabelManual": null,
                    "lowestHistoricalPrice": null,
                    "price": {
                        "currencyIso": "SEK",
                        "value": 39.95,
                        "priceType": "BUY",
                        "formattedValue": "39,95 kr",
                        "minQuantity": null,
                        "maxQuantity": null
                    },
                    "promotionType": "MixMatchPricePromotion",
                    "conditionLabel": "",
                    "rewardLabel": "39,95 kr",
                    "textLabel": "Alltid bra pris!",
                    "redeemLimitLabel": "",
                    "cartLabel": null,
                    "validUntil": null,
                    "timesUsed": null,
                    "qualifyingCount": 1,
                    "comparePrice": "199,75 kr",
                    "splashTitleText": "Alltid bra pris",
                    "realMixAndMatch": false,
                    "mainProductCode": "101330957_ST",
                    "conditionLabelFormatted": "",
                    "promotionRedeemLimit": null,
                    "promotionPercentage": null,
                    "cartLabelFormatted": "",
                    "priority": 208,
                    "code": "10009465443"
                }
            ],
            "inactivePotentialPromotions": [],
            "priceValue": 39.95,
            "price": "39,95 kr",
            "image": {
                "imageType": "PRIMARY",
                "format": "product",
                "url": "https://assets.axfood.se/image/upload/f_auto,t_200/07340083464386_C1N1_s02",
                "altText": null,
                "galleryIndex": null,
                "width": null
            },
            "ranking": 20.9110897333138,
            "depositPrice": "",
            "averageWeight": null,
            "comparePrice": "199,75 kr",
            "comparePriceUnit": "kg",
            "isDrugProduct": false,
            "solrSearchScore": 0.7614262700080872,
            "energyDeclaration": null,
            "newsSplashProduct": false,
            "notAllowedB2b": false,
            "notAllowedAnonymous": false,
            "productLine2": "GARANT EKO, 200g",
            "pickupProductLine2": "GARANT EKO, 200g",
            "priceUnit": "kr/st",
            "priceNoUnit": "39,95",
            "savingsAmount": 0.0,
            "googleAnalyticsCategory": "godis-snacks-och-glass|torkad-frukt",
            "gdprTrackingIncompliant": false,
            "nicotineMedicalProduct": false,
            "tobaccoFreeNicotineProduct": false,
            "nonEkoProduct": false,
            "precautionaryStatements": [],
            "hazards": [],
            "tobaccoProduct": false,
            "showGoodPriceIcon": true,
            "labels": [
                "ecological",
                "krav",
                "eu_ecological"
            ],
            "seoDescription": "",
            "seoTitle": "",
            "manufacturer": "Garant Eko",
            "incrementValue": 1.0,
            "productBasketType": {
                "code": "ST",
                "type": "ProductBasketTypeEnum"
            },
            "bargainProduct": false,
            "addToCartMessage": "",
            "thumbnail": {
                "imageType": "PRIMARY",
                "format": "thumbnail",
                "url": "https://assets.axfood.se/image/upload/f_auto,t_100/07340083464386_C1N1_s02",
                "altText": null,
                "galleryIndex": null,
                "width": null
            },
            "outOfStock": false,
            "online": true,
            "displayVolume": "200g",
            "addToCartDisabled": false,
            "name": "Torkade Fikon Ekologiska",
            "code": "101562913_ST"
        },
        {
            "potentialPromotions": [
                {
                    "threshold": null,
                    "applied": false,
                    "campaignType": "GENERAL",
                    "offerStatus": null,
                    "productCodes": [
                        "101599078_ST"
                    ],
                    "promotionTheme": {
                        "code": "Z019",
                        "visible": null
                    },
                    "textLabelGenerated": "Alltid bra pris!",
                    "textLabelManual": null,
                    "lowestHistoricalPrice": null,
                    "price": {
                        "currencyIso": "SEK",
                        "value": 79.95,
                        "priceType": "BUY",
                        "formattedValue": "79,95 kr",
                        "minQuantity": null,
                        "maxQuantity": null
                    },
                    "promotionType": "MixMatchPricePromotion",
                    "conditionLabel": "",
                    "rewardLabel": "79,95 kr",
                    "textLabel": "Alltid bra pris!",
                    "redeemLimitLabel": "",
                    "cartLabel": null,
                    "validUntil": null,
                    "timesUsed": null,
                    "qualifyingCount": 1,
                    "comparePrice": "159,90 kr",
                    "splashTitleText": "Alltid bra pris",
                    "realMixAndMatch": false,
                    "mainProductCode": "101599078_ST",
                    "conditionLabelFormatted": "",
                    "promotionRedeemLimit": null,
                    "promotionPercentage": null,
                    "cartLabelFormatted": "",
                    "priority": 208,
                    "code": "10009465441"
                }
            ],
            "inactivePotentialPromotions": [],
            "priceValue": 79.95,
            "price": "79,95 kr",
            "image": {
                "imageType": "PRIMARY",
                "format": "product",
                "url": "https://assets.axfood.se/image/upload/f_auto,t_200/07311043011933_C1N1_s02",
                "altText": null,
                "galleryIndex": null,
                "width": null
            },
            "ranking": 20.9110897267602,
            "depositPrice": "",
            "averageWeight": null,
            "comparePrice": "159,90 kr",
            "comparePriceUnit": "kg",
            "isDrugProduct": false,
            "solrSearchScore": 0.7614262700080872,
            "energyDeclaration": null,
            "newsSplashProduct": false,
            "notAllowedB2b": false,
            "notAllowedAnonymous": false,
            "productLine2": "GARANT EKO, 500g",
            "pickupProductLine2": "GARANT EKO, 500g",
            "priceUnit": "kr/st",
            "priceNoUnit": "79,95",
            "savingsAmount": 0.0,
            "googleAnalyticsCategory": "kott-fagel-och-chark|kott|kottfars",
            "gdprTrackingIncompliant": false,
            "nicotineMedicalProduct": false,
            "tobaccoFreeNicotineProduct": false,
            "nonEkoProduct": false,
            "precautionaryStatements": [],
            "hazards": [],
            "tobaccoProduct": false,
            "showGoodPriceIcon": true,
            "labels": [
                "ecological",
                "krav",
                "swedish_flag",
                "meat_from_sweden",
                "eu_ecological"
            ],
            "seoDescription": "",
            "seoTitle": "",
            "manufacturer": "Garant Eko",
            "incrementValue": 1.0,
            "productBasketType": {
                "code": "ST",
                "type": "ProductBasketTypeEnum"
            },
            "bargainProduct": false,
            "addToCartMessage": "",
            "thumbnail": {
                "imageType": "PRIMARY",
                "format": "thumbnail",
                "url": "https://assets.axfood.se/image/upload/f_auto,t_100/07311043011933_C1N1_s02",
                "altText": null,
                "galleryIndex": null,
                "width": null
            },
            "outOfStock": false,
            "online": true,
            "displayVolume": "500g",
            "addToCartDisabled": false,
            "name": "Nötfärs 15%",
            "code": "101599078_ST"
        },
        {
            "potentialPromotions": [
                {
                    "threshold": null,
                    "applied": false,
                    "campaignType": "GENERAL",
                    "offerStatus": null,
                    "productCodes": [
                        "101173865_ST"
                    ],
                    "promotionTheme": {
                        "code": "Z019",
                        "visible": null
                    },
                    "textLabelGenerated": "Alltid bra pris!",
                    "textLabelManual": null,
                    "lowestHistoricalPrice": null,
                    "price": {
                        "currencyIso": "SEK",
                        "value": 33.95,
                        "priceType": "BUY",
                        "formattedValue": "33,95 kr",
                        "minQuantity": null,
                        "maxQuantity": null
                    },
                    "promotionType": "MixMatchPricePromotion",
                    "conditionLabel": "",
                    "rewardLabel": "33,95 kr",
                    "textLabel": "Alltid bra pris!",
                    "redeemLimitLabel": "",
                    "cartLabel": null,
                    "validUntil": null,
                    "timesUsed": null,
                    "qualifyingCount": 1,
                    "comparePrice": "67,90 kr",
                    "splashTitleText": "Alltid bra pris",
                    "realMixAndMatch": false,
                    "mainProductCode": "101173865_ST",
                    "conditionLabelFormatted": "",
                    "promotionRedeemLimit": null,
                    "promotionPercentage": null,
                    "cartLabelFormatted": "",
                    "priority": 208,
                    "code": "10009465440"
                }
            ],
            "inactivePotentialPromotions": [],
            "priceValue": 33.95,
            "price": "33,95 kr",
            "image": {
                "imageType": "PRIMARY",
                "format": "product",
                "url": "https://assets.axfood.se/image/upload/f_auto,t_200/07311041065013_C1N1_s02",
                "altText": null,
                "galleryIndex": null,
                "width": null
            },
            "ranking": 20.9110897234834,
            "depositPrice": "",
            "averageWeight": null,
            "comparePrice": "67,90 kr",
            "comparePriceUnit": "l",
            "isDrugProduct": false,
            "solrSearchScore": 0.7614262700080872,
            "energyDeclaration": null,
            "newsSplashProduct": false,
            "notAllowedB2b": false,
            "notAllowedAnonymous": false,
            "productLine2": "GARANT, 5dl",
            "pickupProductLine2": "GARANT, 5dl",
            "priceUnit": "kr/st",
            "priceNoUnit": "33,95",
            "savingsAmount": 0.0,
            "googleAnalyticsCategory": "mejeri-ost-och-agg|gradde|vispgradde",
            "gdprTrackingIncompliant": false,
            "nicotineMedicalProduct": false,
            "tobaccoFreeNicotineProduct": false,
            "nonEkoProduct": false,
            "precautionaryStatements": [],
            "hazards": [],
            "tobaccoProduct": false,
            "showGoodPriceIcon": true,
            "labels": [
                "swedish_flag",
                "from_sweden"
            ],
            "seoDescription": "",
            "seoTitle": "",
            "manufacturer": "Garant",
            "incrementValue": 1.0,
            "productBasketType": {
                "code": "ST",
                "type": "ProductBasketTypeEnum"
            },
            "bargainProduct": false,
            "addToCartMessage": "",
            "thumbnail": {
                "imageType": "PRIMARY",
                "format": "thumbnail",
                "url": "https://assets.axfood.se/image/upload/f_auto,t_100/07311041065013_C1N1_s02",
                "altText": null,
                "galleryIndex": null,
                "width": null
            },
            "outOfStock": false,
            "online": true,
            "displayVolume": "5dl",
            "addToCartDisabled": false,
            "name": "Vispgrädde Lång Hållbarhet 36%",
            "code": "101173865_ST"
        },
        {
            "potentialPromotions": [
                {
                    "threshold": null,
                    "applied": false,
                    "campaignType": "GENERAL",
                    "offerStatus": null,
                    "productCodes": [
                        "101644047_ST"
                    ],
                    "promotionTheme": {
                        "code": "Z019",
                        "visible": null
                    },
                    "textLabelGenerated": "Alltid bra pris!",
                    "textLabelManual": null,
                    "lowestHistoricalPrice": null,
                    "price": {
                        "currencyIso": "SEK",
                        "value": 25.0,
                        "priceType": "BUY",
                        "formattedValue": "25,00 kr",
                        "minQuantity": null,
                        "maxQuantity": null
                    },
                    "promotionType": "MixMatchPricePromotion",
                    "conditionLabel": "",
                    "rewardLabel": "25 kr",
                    "textLabel": "Alltid bra pris!",
                    "redeemLimitLabel": "",
                    "cartLabel": null,
                    "validUntil": null,
                    "timesUsed": null,
                    "qualifyingCount": 1,
                    "comparePrice": "55,56 kr",
                    "splashTitleText": "Alltid bra pris",
                    "realMixAndMatch": false,
                    "mainProductCode": "101644047_ST",
                    "conditionLabelFormatted": "",
                    "promotionRedeemLimit": null,
                    "promotionPercentage": null,
                    "cartLabelFormatted": "",
                    "priority": 208,
                    "code": "10009465438"
                }
            ],
            "inactivePotentialPromotions": [],
            "priceValue": 25.0,
            "price": "25,00 kr",
            "image": {
                "imageType": "PRIMARY",
                "format": "product",
                "url": "https://assets.axfood.se/image/upload/f_auto,t_200/07311043014040_C1N1_s01",
                "altText": null,
                "galleryIndex": null,
                "width": null
            },
            "ranking": 20.9110897169298,
            "depositPrice": "",
            "averageWeight": null,
            "comparePrice": "55,56 kr",
            "comparePriceUnit": "kg",
            "isDrugProduct": false,
            "solrSearchScore": 0.7614262700080872,
            "energyDeclaration": null,
            "newsSplashProduct": false,
            "notAllowedB2b": false,
            "notAllowedAnonymous": false,
            "productLine2": "GARANT, 450g",
            "pickupProductLine2": "GARANT, 450g",
            "priceUnit": "kr/st",
            "priceNoUnit": "25,00",
            "savingsAmount": 0.0,
            "googleAnalyticsCategory": "fardigmat|portionsratter|fardiga-ratter",
            "gdprTrackingIncompliant": false,
            "nicotineMedicalProduct": false,
            "tobaccoFreeNicotineProduct": false,
            "nonEkoProduct": false,
            "precautionaryStatements": [],
            "hazards": [],
            "tobaccoProduct": false,
            "showGoodPriceIcon": true,
            "labels": [],
            "seoDescription": "",
            "seoTitle": "",
            "manufacturer": "Garant",
            "incrementValue": 1.0,
            "productBasketType": {
                "code": "ST",
                "type": "ProductBasketTypeEnum"
            },
            "bargainProduct": false,
            "addToCartMessage": "",
            "thumbnail": {
                "imageType": "PRIMARY",
                "format": "thumbnail",
                "url": "https://assets.axfood.se/image/upload/f_auto,t_100/07311043014040_C1N1_s01",
                "altText": null,
                "galleryIndex": null,
                "width": null
            },
            "outOfStock": false,
            "online": true,
            "displayVolume": "450g",
            "addToCartDisabled": false,
            "name": "Pannkakor",
            "code": "101644047_ST"
        },
        {
            "potentialPromotions": [
                {
                    "threshold": null,
                    "applied": false,
                    "campaignType": "GENERAL",
                    "offerStatus": null,
                    "productCodes": [
                        "101554248_ST",
                        "101583392_ST",
                        "101607872_ST"
                    ],
                    "promotionTheme": {
                        "code": "Z019",
                        "visible": null
                    },
                    "textLabelGenerated": "Alltid bra pris!",
                    "textLabelManual": null,
                    "lowestHistoricalPrice": null,
                    "price": {
                        "currencyIso": "SEK",
                        "value": 29.95,
                        "priceType": "BUY",
                        "formattedValue": "29,95 kr",
                        "minQuantity": null,
                        "maxQuantity": null
                    },
                    "promotionType": "MixMatchPricePromotion",
                    "conditionLabel": "",
                    "rewardLabel": "29,95 kr",
                    "textLabel": "Alltid bra pris!",
                    "redeemLimitLabel": "",
                    "cartLabel": null,
                    "validUntil": null,
                    "timesUsed": null,
                    "qualifyingCount": 1,
                    "comparePrice": "149,75 kr",
                    "splashTitleText": "Alltid bra pris",
                    "realMixAndMatch": false,
                    "mainProductCode": "101554248_ST",
                    "conditionLabelFormatted": "",
                    "promotionRedeemLimit": null,
                    "promotionPercentage": null,
                    "cartLabelFormatted": "",
                    "priority": 208,
                    "code": "10009465437"
                }
            ],
            "inactivePotentialPromotions": [],
            "priceValue": 29.95,
            "price": "29,95 kr",
            "image": {
                "imageType": "PRIMARY",
                "format": "product",
                "url": "https://assets.axfood.se/image/upload/f_auto,t_200/07311043003334_C1N1_s01",
                "altText": null,
                "galleryIndex": null,
                "width": null
            },
            "ranking": 20.911089713653,
            "depositPrice": "",
            "averageWeight": null,
            "comparePrice": "149,75 kr",
            "comparePriceUnit": "kg",
            "isDrugProduct": false,
            "solrSearchScore": 0.7614262700080872,
            "energyDeclaration": null,
            "newsSplashProduct": false,
            "notAllowedB2b": false,
            "notAllowedAnonymous": false,
            "productLine2": "GARANT, 200g",
            "pickupProductLine2": "GARANT, 200g",
            "priceUnit": "kr/st",
            "priceNoUnit": "29,95",
            "savingsAmount": 0.0,
            "googleAnalyticsCategory": "godis-snacks-och-glass|notter-och-snacks",
            "gdprTrackingIncompliant": false,
            "nicotineMedicalProduct": false,
            "tobaccoFreeNicotineProduct": false,
            "nonEkoProduct": false,
            "precautionaryStatements": [],
            "hazards": [],
            "tobaccoProduct": false,
            "showGoodPriceIcon": true,
            "labels": [],
            "seoDescription": "",
            "seoTitle": "",
            "manufacturer": "Garant",
            "incrementValue": 1.0,
            "productBasketType": {
                "code": "ST",
                "type": "ProductBasketTypeEnum"
            },
            "bargainProduct": false,
            "addToCartMessage": "",
            "thumbnail": {
                "imageType": "PRIMARY",
                "format": "thumbnail",
                "url": "https://assets.axfood.se/image/upload/f_auto,t_100/07311043003334_C1N1_s01",
                "altText": null,
                "galleryIndex": null,
                "width": null
            },
            "outOfStock": false,
            "online": true,
            "displayVolume": "200g",
            "addToCartDisabled": false,
            "name": "Nötmix Rostade & Saltade",
            "code": "101554248_ST"
        },
        {
            "potentialPromotions": [
                {
                    "threshold": null,
                    "applied": false,
                    "campaignType": "GENERAL",
                    "offerStatus": null,
                    "productCodes": [
                        "101742663_ST"
                    ],
                    "promotionTheme": {
                        "code": "Z019",
                        "visible": null
                    },
                    "textLabelGenerated": "Alltid bra pris!",
                    "textLabelManual": null,
                    "lowestHistoricalPrice": null,
                    "price": {
                        "currencyIso": "SEK",
                        "value": 19.95,
                        "priceType": "BUY",
                        "formattedValue": "19,95 kr",
                        "minQuantity": null,
                        "maxQuantity": null
                    },
                    "promotionType": "MixMatchPricePromotion",
                    "conditionLabel": "",
                    "rewardLabel": "19,95 kr",
                    "textLabel": "Alltid bra pris!",
                    "redeemLimitLabel": "",
                    "cartLabel": null,
                    "validUntil": null,
                    "timesUsed": null,
                    "qualifyingCount": 1,
                    "comparePrice": "79,80 kr",
                    "splashTitleText": "Alltid bra pris",
                    "realMixAndMatch": false,
                    "mainProductCode": "101742663_ST",
                    "conditionLabelFormatted": "",
                    "promotionRedeemLimit": null,
                    "promotionPercentage": null,
                    "cartLabelFormatted": "",
                    "priority": 208,
                    "code": "10009465436"
                }
            ],
            "inactivePotentialPromotions": [],
            "priceValue": 19.95,
            "price": "19,95 kr",
            "image": {
                "imageType": "PRIMARY",
                "format": "product",
                "url": "https://assets.axfood.se/image/upload/f_auto,t_200/07340083499012_C1N1_s01",
                "altText": null,
                "galleryIndex": null,
                "width": null
            },
            "ranking": 20.9110897103762,
            "depositPrice": "",
            "averageWeight": null,
            "comparePrice": "79,80 kr",
            "comparePriceUnit": "kg",
            "isDrugProduct": false,
            "solrSearchScore": 0.7614262700080872,
            "energyDeclaration": null,
            "newsSplashProduct": false,
            "notAllowedB2b": false,
            "notAllowedAnonymous": false,
            "productLine2": "GARANT, 250g",
            "pickupProductLine2": "GARANT, 250g",
            "priceUnit": "kr/st",
            "priceNoUnit": "19,95",
            "savingsAmount": 0.0,
            "googleAnalyticsCategory": "",
            "gdprTrackingIncompliant": false,
            "nicotineMedicalProduct": false,
            "tobaccoFreeNicotineProduct": false,
            "nonEkoProduct": false,
            "precautionaryStatements": [],
            "hazards": [],
            "tobaccoProduct": false,
            "showGoodPriceIcon": true,
            "labels": [],
            "seoDescription": "",
            "seoTitle": "",
            "manufacturer": "Garant",
            "incrementValue": 1.0,
            "productBasketType": {
                "code": "ST",
                "type": "ProductBasketTypeEnum"
            },
            "bargainProduct": false,
            "addToCartMessage": "",
            "thumbnail": {
                "imageType": "PRIMARY",
                "format": "thumbnail",
                "url": "https://assets.axfood.se/image/upload/f_auto,t_100/07340083499012_C1N1_s01",
                "altText": null,
                "galleryIndex": null,
                "width": null
            },
            "outOfStock": false,
            "online": true,
            "displayVolume": "250g",
            "addToCartDisabled": false,
            "name": "Jordnötter Rostade Saltade",
            "code": "101742663_ST"
        },
        {
            "potentialPromotions": [
                {
                    "threshold": null,
                    "applied": false,
                    "campaignType": "GENERAL",
                    "offerStatus": null,
                    "productCodes": [
                        "101547473_ST",
                        "101547474_ST",
                        "101547475_ST",
                        "101547476_ST"
                    ],
                    "promotionTheme": {
                        "code": "Z019",
                        "visible": null
                    },
                    "textLabelGenerated": "Alltid bra pris!",
                    "textLabelManual": null,
                    "lowestHistoricalPrice": null,
                    "price": {
                        "currencyIso": "SEK",
                        "value": 25.0,
                        "priceType": "BUY",
                        "formattedValue": "25,00 kr",
                        "minQuantity": null,
                        "maxQuantity": null
                    },
                    "promotionType": "MixMatchPricePromotion",
                    "conditionLabel": "",
                    "rewardLabel": "25 kr",
                    "textLabel": "Alltid bra pris!",
                    "redeemLimitLabel": "",
                    "cartLabel": null,
                    "validUntil": null,
                    "timesUsed": null,
                    "qualifyingCount": 1,
                    "comparePrice": "100,00 kr",
                    "splashTitleText": "Alltid bra pris",
                    "realMixAndMatch": false,
                    "mainProductCode": "101547473_ST",
                    "conditionLabelFormatted": "",
                    "promotionRedeemLimit": null,
                    "promotionPercentage": null,
                    "cartLabelFormatted": "",
                    "priority": 208,
                    "code": "10009465435"
                }
            ],
            "inactivePotentialPromotions": [],
            "priceValue": 25.0,
            "price": "25,00 kr",
            "image": {
                "imageType": "PRIMARY",
                "format": "product",
                "url": "https://assets.axfood.se/image/upload/f_auto,t_200/07311043008209_C1N1_s01",
                "altText": null,
                "galleryIndex": null,
                "width": null
            },
            "ranking": 20.9110897070994,
            "depositPrice": "",
            "averageWeight": null,
            "comparePrice": "100,00 kr",
            "comparePriceUnit": "kg",
            "isDrugProduct": false,
            "solrSearchScore": 0.7614262700080872,
            "energyDeclaration": null,
            "newsSplashProduct": false,
            "notAllowedB2b": false,
            "notAllowedAnonymous": false,
            "productLine2": "GARANT, 250g",
            "pickupProductLine2": "GARANT, 250g",
            "priceUnit": "kr/st",
            "priceNoUnit": "25,00",
            "savingsAmount": 0.0,
            "googleAnalyticsCategory": "godis-snacks-och-glass|chips-och-ostbagar|chips",
            "gdprTrackingIncompliant": false,
            "nicotineMedicalProduct": false,
            "tobaccoFreeNicotineProduct": false,
            "nonEkoProduct": false,
            "precautionaryStatements": [],
            "hazards": [],
            "tobaccoProduct": false,
            "showGoodPriceIcon": true,
            "labels": [],
            "seoDescription": "",
            "seoTitle": "",
            "manufacturer": "Garant",
            "incrementValue": 1.0,
            "productBasketType": {
                "code": "ST",
                "type": "ProductBasketTypeEnum"
            },
            "bargainProduct": false,
            "addToCartMessage": "",
            "thumbnail": {
                "imageType": "PRIMARY",
                "format": "thumbnail",
                "url": "https://assets.axfood.se/image/upload/f_auto,t_100/07311043008209_C1N1_s01",
                "altText": null,
                "galleryIndex": null,
                "width": null
            },
            "outOfStock": false,
            "online": true,
            "displayVolume": "250g",
            "addToCartDisabled": false,
            "name": "Saltade Chips",
            "code": "101547473_ST"
        },
        {
            "potentialPromotions": [
                {
                    "threshold": null,
                    "applied": false,
                    "campaignType": "GENERAL",
                    "offerStatus": null,
                    "productCodes": [
                        "101479130_ST"
                    ],
                    "promotionTheme": {
                        "code": "Z019",
                        "visible": null
                    },
                    "textLabelGenerated": "Alltid bra pris!",
                    "textLabelManual": null,
                    "lowestHistoricalPrice": null,
                    "price": {
                        "currencyIso": "SEK",
                        "value": 42.95,
                        "priceType": "BUY",
                        "formattedValue": "42,95 kr",
                        "minQuantity": null,
                        "maxQuantity": null
                    },
                    "promotionType": "MixMatchPricePromotion",
                    "conditionLabel": "",
                    "rewardLabel": "42,95 kr",
                    "textLabel": "Alltid bra pris!",
                    "redeemLimitLabel": "",
                    "cartLabel": null,
                    "validUntil": null,
                    "timesUsed": null,
                    "qualifyingCount": 1,
                    "comparePrice": "2,86 kr",
                    "splashTitleText": "Alltid bra pris",
                    "realMixAndMatch": false,
                    "mainProductCode": "101479130_ST",
                    "conditionLabelFormatted": "",
                    "promotionRedeemLimit": null,
                    "promotionPercentage": null,
                    "cartLabelFormatted": "",
                    "priority": 208,
                    "code": "10009465434"
                }
            ],
            "inactivePotentialPromotions": [],
            "priceValue": 42.95,
            "price": "42,95 kr",
            "image": {
                "imageType": "PRIMARY",
                "format": "product",
                "url": "https://assets.axfood.se/image/upload/f_auto,t_200/07311043002436_C1L1_s01",
                "altText": null,
                "galleryIndex": null,
                "width": null
            },
            "ranking": 20.9110897038226,
            "depositPrice": "",
            "averageWeight": null,
            "comparePrice": "2,86 kr",
            "comparePriceUnit": "st",
            "isDrugProduct": false,
            "solrSearchScore": 0.7614262700080872,
            "energyDeclaration": null,
            "newsSplashProduct": false,
            "notAllowedB2b": false,
            "notAllowedAnonymous": false,
            "productLine2": "GARANT, 15st",
            "pickupProductLine2": "GARANT, 15st",
            "priceUnit": "kr/st",
            "priceNoUnit": "42,95",
            "savingsAmount": 0.0,
            "googleAnalyticsCategory": "mejeri-ost-och-agg|agg|agg",
            "gdprTrackingIncompliant": false,
            "nicotineMedicalProduct": false,
            "tobaccoFreeNicotineProduct": false,
            "nonEkoProduct": false,
            "precautionaryStatements": [],
            "hazards": [],
            "tobaccoProduct": false,
            "showGoodPriceIcon": true,
            "labels": [
                "swedish_flag",
                "from_sweden"
            ],
            "seoDescription": "",
            "seoTitle": "",
            "manufacturer": "Garant",
            "incrementValue": 1.0,
            "productBasketType": {
                "code": "ST",
                "type": "ProductBasketTypeEnum"
            },
            "bargainProduct": false,
            "addToCartMessage": "",
            "thumbnail": {
                "imageType": "PRIMARY",
                "format": "thumbnail",
                "url": "https://assets.axfood.se/image/upload/f_auto,t_100/07311043002436_C1L1_s01",
                "altText": null,
                "galleryIndex": null,
                "width": null
            },
            "outOfStock": false,
            "online": true,
            "displayVolume": "15st",
            "addToCartDisabled": false,
            "name": "Ägg 15p Frigående Inomhus Medium",
            "code": "101479130_ST"
        },
        {
            "potentialPromotions": [
                {
                    "threshold": null,
                    "applied": false,
                    "campaignType": "GENERAL",
                    "offerStatus": null,
                    "productCodes": [
                        "101290312_ST"
                    ],
                    "promotionTheme": {
                        "code": "Z019",
                        "visible": null
                    },
                    "textLabelGenerated": "Alltid bra pris!",
                    "textLabelManual": null,
                    "lowestHistoricalPrice": null,
                    "price": {
                        "currencyIso": "SEK",
                        "value": 69.95,
                        "priceType": "BUY",
                        "formattedValue": "69,95 kr",
                        "minQuantity": null,
                        "maxQuantity": null
                    },
                    "promotionType": "MixMatchPricePromotion",
                    "conditionLabel": "",
                    "rewardLabel": "69,95 kr",
                    "textLabel": "Alltid bra pris!",
                    "redeemLimitLabel": "",
                    "cartLabel": null,
                    "validUntil": null,
                    "timesUsed": null,
                    "qualifyingCount": 1,
                    "comparePrice": "82,30 kr",
                    "splashTitleText": "Alltid bra pris",
                    "realMixAndMatch": false,
                    "mainProductCode": "101290312_ST",
                    "conditionLabelFormatted": "",
                    "promotionRedeemLimit": null,
                    "promotionPercentage": null,
                    "cartLabelFormatted": "",
                    "priority": 208,
                    "code": "10009465433"
                }
            ],
            "inactivePotentialPromotions": [],
            "priceValue": 69.95,
            "price": "69,95 kr",
            "image": {
                "imageType": "PRIMARY",
                "format": "product",
                "url": "https://assets.axfood.se/image/upload/f_auto,t_200/07340083478536_C1N1_s03",
                "altText": null,
                "galleryIndex": null,
                "width": null
            },
            "ranking": 20.9110897005458,
            "depositPrice": "",
            "averageWeight": null,
            "comparePrice": "82,30 kr",
            "comparePriceUnit": "kg",
            "isDrugProduct": false,
            "solrSearchScore": 0.7614262700080872,
            "energyDeclaration": null,
            "newsSplashProduct": false,
            "notAllowedB2b": false,
            "notAllowedAnonymous": false,
            "productLine2": "GARANT, 850g",
            "pickupProductLine2": "GARANT, 850g",
            "priceUnit": "kr/st",
            "priceNoUnit": "69,95",
            "savingsAmount": 0.0,
            "googleAnalyticsCategory": "vegetariskt|fryst-vegetariskt",
            "gdprTrackingIncompliant": false,
            "nicotineMedicalProduct": false,
            "tobaccoFreeNicotineProduct": false,
            "nonEkoProduct": false,
            "precautionaryStatements": [],
            "hazards": [],
            "tobaccoProduct": false,
            "showGoodPriceIcon": true,
            "labels": [
                "keyhole"
            ],
            "seoDescription": "",
            "seoTitle": "",
            "manufacturer": "Garant",
            "incrementValue": 1.0,
            "productBasketType": {
                "code": "ST",
                "type": "ProductBasketTypeEnum"
            },
            "bargainProduct": false,
            "addToCartMessage": "",
            "thumbnail": {
                "imageType": "PRIMARY",
                "format": "thumbnail",
                "url": "https://assets.axfood.se/image/upload/f_auto,t_100/07340083478536_C1N1_s03",
                "altText": null,
                "galleryIndex": null,
                "width": null
            },
            "outOfStock": false,
            "online": true,
            "displayVolume": "850g",
            "addToCartDisabled": false,
            "name": "Vegofärs Formbar Fryst",
            "code": "101290312_ST"
        },
        {
            "potentialPromotions": [
                {
                    "threshold": null,
                    "applied": false,
                    "campaignType": "GENERAL",
                    "offerStatus": null,
                    "productCodes": [
                        "101344201_ST"
                    ],
                    "promotionTheme": {
                        "code": "Z019",
                        "visible": null
                    },
                    "textLabelGenerated": "Alltid bra pris!",
                    "textLabelManual": null,
                    "lowestHistoricalPrice": null,
                    "price": {
                        "currencyIso": "SEK",
                        "value": 69.95,
                        "priceType": "BUY",
                        "formattedValue": "69,95 kr",
                        "minQuantity": null,
                        "maxQuantity": null
                    },
                    "promotionType": "MixMatchPricePromotion",
                    "conditionLabel": "",
                    "rewardLabel": "69,95 kr",
                    "textLabel": "Alltid bra pris!",
                    "redeemLimitLabel": "",
                    "cartLabel": null,
                    "validUntil": null,
                    "timesUsed": null,
                    "qualifyingCount": 1,
                    "comparePrice": "77,72 kr",
                    "splashTitleText": "Alltid bra pris",
                    "realMixAndMatch": false,
                    "mainProductCode": "101344201_ST",
                    "conditionLabelFormatted": "",
                    "promotionRedeemLimit": null,
                    "promotionPercentage": null,
                    "cartLabelFormatted": "",
                    "priority": 208,
                    "code": "10009465432"
                }
            ],
            "inactivePotentialPromotions": [],
            "priceValue": 69.95,
            "price": "69,95 kr",
            "image": {
                "imageType": "PRIMARY",
                "format": "product",
                "url": "https://assets.axfood.se/image/upload/f_auto,t_200/07340083490712_C1N1_s01",
                "altText": null,
                "galleryIndex": null,
                "width": null
            },
            "ranking": 20.911089697269,
            "depositPrice": "",
            "averageWeight": null,
            "comparePrice": "77,72 kr",
            "comparePriceUnit": "kg",
            "isDrugProduct": false,
            "solrSearchScore": 0.7614262700080872,
            "energyDeclaration": null,
            "newsSplashProduct": false,
            "notAllowedB2b": false,
            "notAllowedAnonymous": false,
            "productLine2": "GARANT, 900g",
            "pickupProductLine2": "GARANT, 900g",
            "priceUnit": "kr/st",
            "priceNoUnit": "69,95",
            "savingsAmount": 0.0,
            "googleAnalyticsCategory": "vegetariskt|fryst-vegetariskt",
            "gdprTrackingIncompliant": false,
            "nicotineMedicalProduct": false,
            "tobaccoFreeNicotineProduct": false,
            "nonEkoProduct": false,
            "precautionaryStatements": [],
            "hazards": [],
            "tobaccoProduct": false,
            "showGoodPriceIcon": true,
            "labels": [
                "keyhole"
            ],
            "seoDescription": "",
            "seoTitle": "",
            "manufacturer": "Garant",
            "incrementValue": 1.0,
            "productBasketType": {
                "code": "ST",
                "type": "ProductBasketTypeEnum"
            },
            "bargainProduct": false,
            "addToCartMessage": "",
            "thumbnail": {
                "imageType": "PRIMARY",
                "format": "thumbnail",
                "url": "https://assets.axfood.se/image/upload/f_auto,t_100/07340083490712_C1N1_s01",
                "altText": null,
                "galleryIndex": null,
                "width": null
            },
            "outOfStock": false,
            "online": true,
            "displayVolume": "900g",
            "addToCartDisabled": false,
            "name": "Vegofärs Fryst",
            "code": "101344201_ST"
        },
        {
            "potentialPromotions": [
                {
                    "threshold": null,
                    "applied": false,
                    "campaignType": "GENERAL",
                    "offerStatus": null,
                    "productCodes": [
                        "101423140_ST"
                    ],
                    "promotionTheme": {
                        "code": "Z019",
                        "visible": null
                    },
                    "textLabelGenerated": "Alltid bra pris!",
                    "textLabelManual": null,
                    "lowestHistoricalPrice": null,
                    "price": {
                        "currencyIso": "SEK",
                        "value": 89.0,
                        "priceType": "BUY",
                        "formattedValue": "89,00 kr",
                        "minQuantity": null,
                        "maxQuantity": null
                    },
                    "promotionType": "MixMatchPricePromotion",
                    "conditionLabel": "",
                    "rewardLabel": "89 kr",
                    "textLabel": "Alltid bra pris!",
                    "redeemLimitLabel": "",
                    "cartLabel": null,
                    "validUntil": null,
                    "timesUsed": null,
                    "qualifyingCount": 1,
                    "comparePrice": "222,50 kr",
                    "splashTitleText": "Alltid bra pris",
                    "realMixAndMatch": false,
                    "mainProductCode": "101423140_ST",
                    "conditionLabelFormatted": "",
                    "promotionRedeemLimit": null,
                    "promotionPercentage": null,
                    "cartLabelFormatted": "",
                    "priority": 208,
                    "code": "10009465431"
                }
            ],
            "inactivePotentialPromotions": [],
            "priceValue": 89.0,
            "price": "89,00 kr",
            "image": {
                "imageType": "PRIMARY",
                "format": "product",
                "url": "https://assets.axfood.se/image/upload/f_auto,t_200/07340083498176_C1N1_s02",
                "altText": null,
                "galleryIndex": null,
                "width": null
            },
            "ranking": 20.9110896939922,
            "depositPrice": "",
            "averageWeight": null,
            "comparePrice": "222,50 kr",
            "comparePriceUnit": "kg",
            "isDrugProduct": false,
            "solrSearchScore": 0.7614262700080872,
            "energyDeclaration": null,
            "newsSplashProduct": false,
            "notAllowedB2b": false,
            "notAllowedAnonymous": false,
            "productLine2": "GARANT, 400g",
            "pickupProductLine2": "GARANT, 400g",
            "priceUnit": "kr/st",
            "priceNoUnit": "89,00",
            "savingsAmount": 0.0,
            "googleAnalyticsCategory": "fisk-och-skaldjur|fisk|fryst-fisk",
            "gdprTrackingIncompliant": false,
            "nicotineMedicalProduct": false,
            "tobaccoFreeNicotineProduct": false,
            "nonEkoProduct": true,
            "precautionaryStatements": [],
            "hazards": [],
            "tobaccoProduct": false,
            "showGoodPriceIcon": true,
            "labels": [
                "msc_fish",
                "keyhole",
                "environmental_facet"
            ],
            "seoDescription": "",
            "seoTitle": "",
            "manufacturer": "Garant",
            "incrementValue": 1.0,
            "productBasketType": {
                "code": "ST",
                "type": "ProductBasketTypeEnum"
            },
            "bargainProduct": false,
            "addToCartMessage": "",
            "thumbnail": {
                "imageType": "PRIMARY",
                "format": "thumbnail",
                "url": "https://assets.axfood.se/image/upload/f_auto,t_100/07340083498176_C1N1_s02",
                "altText": null,
                "galleryIndex": null,
                "width": null
            },
            "outOfStock": false,
            "online": true,
            "displayVolume": "400g",
            "addToCartDisabled": false,
            "name": "Torskfilé Portionbitar Frysta",
            "code": "101423140_ST"
        },
        {
            "potentialPromotions": [
                {
                    "threshold": null,
                    "applied": false,
                    "campaignType": "GENERAL",
                    "offerStatus": null,
                    "productCodes": [
                        "101475405_ST",
                        "101702831_ST"
                    ],
                    "promotionTheme": {
                        "code": "Z019",
                        "visible": null
                    },
                    "textLabelGenerated": "Alltid bra pris!",
                    "textLabelManual": null,
                    "lowestHistoricalPrice": null,
                    "price": {
                        "currencyIso": "SEK",
                        "value": 24.95,
                        "priceType": "BUY",
                        "formattedValue": "24,95 kr",
                        "minQuantity": null,
                        "maxQuantity": null
                    },
                    "promotionType": "MixMatchPricePromotion",
                    "conditionLabel": "",
                    "rewardLabel": "24,95 kr",
                    "textLabel": "Alltid bra pris!",
                    "redeemLimitLabel": "",
                    "cartLabel": null,
                    "validUntil": null,
                    "timesUsed": null,
                    "qualifyingCount": 1,
                    "comparePrice": "49,90 kr",
                    "splashTitleText": "Alltid bra pris",
                    "realMixAndMatch": false,
                    "mainProductCode": "101475405_ST",
                    "conditionLabelFormatted": "",
                    "promotionRedeemLimit": null,
                    "promotionPercentage": null,
                    "cartLabelFormatted": "",
                    "priority": 208,
                    "code": "10009465430"
                }
            ],
            "inactivePotentialPromotions": [],
            "priceValue": 24.95,
            "price": "24,95 kr",
            "image": {
                "imageType": "PRIMARY",
                "format": "product",
                "url": "https://assets.axfood.se/image/upload/f_auto,t_200/07311043001965_C1N1_s03",
                "altText": null,
                "galleryIndex": null,
                "width": null
            },
            "ranking": 20.9110896907154,
            "depositPrice": "",
            "averageWeight": null,
            "comparePrice": "49,90 kr",
            "comparePriceUnit": "l",
            "isDrugProduct": false,
            "solrSearchScore": 0.7614262700080872,
            "energyDeclaration": null,
            "newsSplashProduct": false,
            "notAllowedB2b": false,
            "notAllowedAnonymous": false,
            "productLine2": "GARANT, 500ml",
            "pickupProductLine2": "GARANT, 500ml",
            "priceUnit": "kr/st",
            "priceNoUnit": "24,95",
            "savingsAmount": 0.0,
            "googleAnalyticsCategory": "skafferi|asien|saser-och-grytbaser",
            "gdprTrackingIncompliant": false,
            "nicotineMedicalProduct": false,
            "tobaccoFreeNicotineProduct": false,
            "nonEkoProduct": false,
            "precautionaryStatements": [],
            "hazards": [],
            "tobaccoProduct": false,
            "showGoodPriceIcon": true,
            "labels": [],
            "seoDescription": "",
            "seoTitle": "",
            "manufacturer": "Garant",
            "incrementValue": 1.0,
            "productBasketType": {
                "code": "ST",
                "type": "ProductBasketTypeEnum"
            },
            "bargainProduct": false,
            "addToCartMessage": "",
            "thumbnail": {
                "imageType": "PRIMARY",
                "format": "thumbnail",
                "url": "https://assets.axfood.se/image/upload/f_auto,t_100/07311043001965_C1N1_s03",
                "altText": null,
                "galleryIndex": null,
                "width": null
            },
            "outOfStock": false,
            "online": true,
            "displayVolume": "500ml",
            "addToCartDisabled": false,
            "name": "Sweet Chili Sauce",
            "code": "101475405_ST"
        },
        {
            "potentialPromotions": [
                {
                    "threshold": null,
                    "applied": false,
                    "campaignType": "GENERAL",
                    "offerStatus": null,
                    "productCodes": [
                        "101244335_ST",
                        "101662623_ST"
                    ],
                    "promotionTheme": {
                        "code": "Z019",
                        "visible": null
                    },
                    "textLabelGenerated": "Alltid bra pris!",
                    "textLabelManual": null,
                    "lowestHistoricalPrice": null,
                    "price": {
                        "currencyIso": "SEK",
                        "value": 54.95,
                        "priceType": "BUY",
                        "formattedValue": "54,95 kr",
                        "minQuantity": null,
                        "maxQuantity": null
                    },
                    "promotionType": "MixMatchPricePromotion",
                    "conditionLabel": "",
                    "rewardLabel": "54,95 kr",
                    "textLabel": "Alltid bra pris!",
                    "redeemLimitLabel": "",
                    "cartLabel": null,
                    "validUntil": null,
                    "timesUsed": null,
                    "qualifyingCount": 1,
                    "comparePrice": "91,59 kr",
                    "splashTitleText": "Alltid bra pris",
                    "realMixAndMatch": false,
                    "mainProductCode": "101244335_ST",
                    "conditionLabelFormatted": "",
                    "promotionRedeemLimit": null,
                    "promotionPercentage": null,
                    "cartLabelFormatted": "",
                    "priority": 208,
                    "code": "10009465429"
                }
            ],
            "inactivePotentialPromotions": [],
            "priceValue": 54.95,
            "price": "54,95 kr",
            "image": {
                "imageType": "PRIMARY",
                "format": "product",
                "url": "https://assets.axfood.se/image/upload/f_auto,t_200/07340083447983_C1L1_s03",
                "altText": null,
                "galleryIndex": null,
                "width": null
            },
            "ranking": 20.9110896874386,
            "depositPrice": "",
            "averageWeight": null,
            "comparePrice": "91,59 kr",
            "comparePriceUnit": "kg",
            "isDrugProduct": false,
            "solrSearchScore": 0.7614262700080872,
            "energyDeclaration": null,
            "newsSplashProduct": false,
            "notAllowedB2b": false,
            "notAllowedAnonymous": false,
            "productLine2": "GARANT, 600g",
            "pickupProductLine2": "GARANT, 600g",
            "priceUnit": "kr/st",
            "priceNoUnit": "54,95",
            "savingsAmount": 0.0,
            "googleAnalyticsCategory": "mejeri-ost-och-agg|smor-margarin-och-jast|smor-och-margarin",
            "gdprTrackingIncompliant": false,
            "nicotineMedicalProduct": false,
            "tobaccoFreeNicotineProduct": false,
            "nonEkoProduct": false,
            "precautionaryStatements": [],
            "hazards": [],
            "tobaccoProduct": false,
            "showGoodPriceIcon": true,
            "labels": [
                "swedish_flag",
                "from_sweden"
            ],
            "seoDescription": "",
            "seoTitle": "",
            "manufacturer": "Garant",
            "incrementValue": 1.0,
            "productBasketType": {
                "code": "ST",
                "type": "ProductBasketTypeEnum"
            },
            "bargainProduct": false,
            "addToCartMessage": "",
            "thumbnail": {
                "imageType": "PRIMARY",
                "format": "thumbnail",
                "url": "https://assets.axfood.se/image/upload/f_auto,t_100/07340083447983_C1L1_s03",
                "altText": null,
                "galleryIndex": null,
                "width": null
            },
            "outOfStock": false,
            "online": true,
            "displayVolume": "600g",
            "addToCartDisabled": false,
            "name": "Smör & Raps Normalsaltat 75%",
            "code": "101244335_ST"
        },
        {
            "potentialPromotions": [
                {
                    "threshold": null,
                    "applied": false,
                    "campaignType": "GENERAL",
                    "offerStatus": null,
                    "productCodes": [
                        "101244260_ST",
                        "101244261_ST"
                    ],
                    "promotionTheme": {
                        "code": "Z019",
                        "visible": null
                    },
                    "textLabelGenerated": "Alltid bra pris!",
                    "textLabelManual": null,
                    "lowestHistoricalPrice": null,
                    "price": {
                        "currencyIso": "SEK",
                        "value": 64.95,
                        "priceType": "BUY",
                        "formattedValue": "64,95 kr",
                        "minQuantity": null,
                        "maxQuantity": null
                    },
                    "promotionType": "MixMatchPricePromotion",
                    "conditionLabel": "",
                    "rewardLabel": "64,95 kr",
                    "textLabel": "Alltid bra pris!",
                    "redeemLimitLabel": "",
                    "cartLabel": null,
                    "validUntil": null,
                    "timesUsed": null,
                    "qualifyingCount": 1,
                    "comparePrice": "129,90 kr",
                    "splashTitleText": "Alltid bra pris",
                    "realMixAndMatch": false,
                    "mainProductCode": "101244260_ST",
                    "conditionLabelFormatted": "",
                    "promotionRedeemLimit": null,
                    "promotionPercentage": null,
                    "cartLabelFormatted": "",
                    "priority": 208,
                    "code": "10009465428"
                }
            ],
            "inactivePotentialPromotions": [],
            "priceValue": 64.95,
            "price": "64,95 kr",
            "image": {
                "imageType": "PRIMARY",
                "format": "product",
                "url": "https://assets.axfood.se/image/upload/f_auto,t_200/07340083447860_C1L1_s02",
                "altText": null,
                "galleryIndex": null,
                "width": null
            },
            "ranking": 20.9110896841618,
            "depositPrice": "",
            "averageWeight": null,
            "comparePrice": "129,90 kr",
            "comparePriceUnit": "kg",
            "isDrugProduct": false,
            "solrSearchScore": 0.7614262700080872,
            "energyDeclaration": null,
            "newsSplashProduct": false,
            "notAllowedB2b": false,
            "notAllowedAnonymous": false,
            "productLine2": "GARANT, 500g",
            "pickupProductLine2": "GARANT, 500g",
            "priceUnit": "kr/st",
            "priceNoUnit": "64,95",
            "savingsAmount": 0.0,
            "googleAnalyticsCategory": "mejeri-ost-och-agg|smor-margarin-och-jast|smor-och-margarin",
            "gdprTrackingIncompliant": false,
            "nicotineMedicalProduct": false,
            "tobaccoFreeNicotineProduct": false,
            "nonEkoProduct": false,
            "precautionaryStatements": [],
            "hazards": [],
            "tobaccoProduct": false,
            "showGoodPriceIcon": true,
            "labels": [
                "swedish_flag",
                "from_sweden"
            ],
            "seoDescription": "",
            "seoTitle": "",
            "manufacturer": "Garant",
            "incrementValue": 1.0,
            "productBasketType": {
                "code": "ST",
                "type": "ProductBasketTypeEnum"
            },
            "bargainProduct": false,
            "addToCartMessage": "",
            "thumbnail": {
                "imageType": "PRIMARY",
                "format": "thumbnail",
                "url": "https://assets.axfood.se/image/upload/f_auto,t_100/07340083447860_C1L1_s02",
                "altText": null,
                "galleryIndex": null,
                "width": null
            },
            "outOfStock": false,
            "online": true,
            "displayVolume": "500g",
            "addToCartDisabled": false,
            "name": "Smör Normalsaltat 82%",
            "code": "101244260_ST"
        },
        {
            "potentialPromotions": [
                {
                    "threshold": null,
                    "applied": false,
                    "campaignType": "GENERAL",
                    "offerStatus": null,
                    "productCodes": [
                        "101543172_ST",
                        "101543173_ST"
                    ],
                    "promotionTheme": {
                        "code": "Z019",
                        "visible": null
                    },
                    "textLabelGenerated": "Alltid bra pris!",
                    "textLabelManual": null,
                    "lowestHistoricalPrice": null,
                    "price": {
                        "currencyIso": "SEK",
                        "value": 6.0,
                        "priceType": "BUY",
                        "formattedValue": "6,00 kr",
                        "minQuantity": null,
                        "maxQuantity": null
                    },
                    "promotionType": "MixMatchPricePromotion",
                    "conditionLabel": "",
                    "rewardLabel": "6 kr",
                    "textLabel": "Alltid bra pris!",
                    "redeemLimitLabel": "",
                    "cartLabel": null,
                    "validUntil": null,
                    "timesUsed": null,
                    "qualifyingCount": 1,
                    "comparePrice": "150,00 kr",
                    "splashTitleText": "Alltid bra pris",
                    "realMixAndMatch": false,
                    "mainProductCode": "101192429_ST",
                    "conditionLabelFormatted": "",
                    "promotionRedeemLimit": null,
                    "promotionPercentage": null,
                    "cartLabelFormatted": "",
                    "priority": 208,
                    "code": "10009465427"
                }
            ],
            "inactivePotentialPromotions": [],
            "priceValue": 6.0,
            "price": "6,00 kr",
            "image": {
                "imageType": "PRIMARY",
                "format": "product",
                "url": "https://assets.axfood.se/image/upload/f_auto,t_200/07311043006748_C1N1_s01",
                "altText": null,
                "galleryIndex": null,
                "width": null
            },
            "ranking": 20.911089680885,
            "depositPrice": "",
            "averageWeight": null,
            "comparePrice": "150,00 kr",
            "comparePriceUnit": "kg",
            "isDrugProduct": false,
            "solrSearchScore": 0.7614262700080872,
            "energyDeclaration": null,
            "newsSplashProduct": false,
            "notAllowedB2b": false,
            "notAllowedAnonymous": false,
            "productLine2": "GARANT, 40g",
            "pickupProductLine2": "GARANT, 40g",
            "priceUnit": "kr/st",
            "priceNoUnit": "6,00",
            "savingsAmount": 0.0,
            "googleAnalyticsCategory": "halsa-och-skonhet|traning-",
            "gdprTrackingIncompliant": false,
            "nicotineMedicalProduct": false,
            "tobaccoFreeNicotineProduct": false,
            "nonEkoProduct": false,
            "precautionaryStatements": [],
            "hazards": [],
            "tobaccoProduct": false,
            "showGoodPriceIcon": true,
            "labels": [],
            "seoDescription": "",
            "seoTitle": "",
            "manufacturer": "Garant",
            "incrementValue": 1.0,
            "productBasketType": {
                "code": "ST",
                "type": "ProductBasketTypeEnum"
            },
            "bargainProduct": false,
            "addToCartMessage": "",
            "thumbnail": {
                "imageType": "PRIMARY",
                "format": "thumbnail",
                "url": "https://assets.axfood.se/image/upload/f_auto,t_100/07311043006748_C1N1_s01",
                "altText": null,
                "galleryIndex": null,
                "width": null
            },
            "outOfStock": false,
            "online": true,
            "displayVolume": "40g",
            "addToCartDisabled": false,
            "name": "Sesamkakor",
            "code": "101543172_ST"
        },
        {
            "potentialPromotions": [
                {
                    "threshold": null,
                    "applied": false,
                    "campaignType": "GENERAL",
                    "offerStatus": null,
                    "productCodes": [
                        "101254022_ST"
                    ],
                    "promotionTheme": {
                        "code": "Z019",
                        "visible": null
                    },
                    "textLabelGenerated": "Alltid bra pris!",
                    "textLabelManual": null,
                    "lowestHistoricalPrice": null,
                    "price": {
                        "currencyIso": "SEK",
                        "value": 31.95,
                        "priceType": "BUY",
                        "formattedValue": "31,95 kr",
                        "minQuantity": null,
                        "maxQuantity": null
                    },
                    "promotionType": "MixMatchPricePromotion",
                    "conditionLabel": "",
                    "rewardLabel": "31,95 kr",
                    "textLabel": "Alltid bra pris!",
                    "redeemLimitLabel": "",
                    "cartLabel": null,
                    "validUntil": null,
                    "timesUsed": null,
                    "qualifyingCount": 1,
                    "comparePrice": "31,95 kr",
                    "splashTitleText": "Alltid bra pris",
                    "realMixAndMatch": false,
                    "mainProductCode": "101254022_ST",
                    "conditionLabelFormatted": "",
                    "promotionRedeemLimit": null,
                    "promotionPercentage": null,
                    "cartLabelFormatted": "",
                    "priority": 208,
                    "code": "10009465426"
                }
            ],
            "inactivePotentialPromotions": [],
            "priceValue": 31.95,
            "price": "31,95 kr",
            "image": {
                "imageType": "PRIMARY",
                "format": "product",
                "url": "https://assets.axfood.se/image/upload/f_auto,t_200/07340083451447_C1L1_s02",
                "altText": null,
                "galleryIndex": null,
                "width": null
            },
            "ranking": 20.9110896776082,
            "depositPrice": "",
            "averageWeight": null,
            "comparePrice": "31,95 kr",
            "comparePriceUnit": "kg",
            "isDrugProduct": false,
            "solrSearchScore": 0.7614262700080872,
            "energyDeclaration": null,
            "newsSplashProduct": false,
            "notAllowedB2b": false,
            "notAllowedAnonymous": false,
            "productLine2": "GARANT, 1kg",
            "pickupProductLine2": "GARANT, 1kg",
            "priceUnit": "kr/st",
            "priceNoUnit": "31,95",
            "savingsAmount": 0.0,
            "googleAnalyticsCategory": "skafferi|ris-mos-och-gryner-|ris",
            "gdprTrackingIncompliant": false,
            "nicotineMedicalProduct": false,
            "tobaccoFreeNicotineProduct": false,
            "nonEkoProduct": false,
            "precautionaryStatements": [],
            "hazards": [],
            "tobaccoProduct": false,
            "showGoodPriceIcon": true,
            "labels": [],
            "seoDescription": "",
            "seoTitle": "",
            "manufacturer": "Garant",
            "incrementValue": 1.0,
            "productBasketType": {
                "code": "ST",
                "type": "ProductBasketTypeEnum"
            },
            "bargainProduct": false,
            "addToCartMessage": "",
            "thumbnail": {
                "imageType": "PRIMARY",
                "format": "thumbnail",
                "url": "https://assets.axfood.se/image/upload/f_auto,t_100/07340083451447_C1L1_s02",
                "altText": null,
                "galleryIndex": null,
                "width": null
            },
            "outOfStock": false,
            "online": true,
            "displayVolume": "1kg",
            "addToCartDisabled": false,
            "name": "Långkornigt Ris",
            "code": "101254022_ST"
        },
        {
            "potentialPromotions": [
                {
                    "threshold": null,
                    "applied": false,
                    "campaignType": "GENERAL",
                    "offerStatus": null,
                    "productCodes": [
                        "101525432_ST"
                    ],
                    "promotionTheme": {
                        "code": "Z019",
                        "visible": null
                    },
                    "textLabelGenerated": "Alltid bra pris!",
                    "textLabelManual": null,
                    "lowestHistoricalPrice": null,
                    "price": {
                        "currencyIso": "SEK",
                        "value": 36.95,
                        "priceType": "BUY",
                        "formattedValue": "36,95 kr",
                        "minQuantity": null,
                        "maxQuantity": null
                    },
                    "promotionType": "MixMatchPricePromotion",
                    "conditionLabel": "",
                    "rewardLabel": "36,95 kr",
                    "textLabel": "Alltid bra pris!",
                    "redeemLimitLabel": "",
                    "cartLabel": null,
                    "validUntil": null,
                    "timesUsed": null,
                    "qualifyingCount": 1,
                    "comparePrice": "36,95 kr",
                    "splashTitleText": "Alltid bra pris",
                    "realMixAndMatch": false,
                    "mainProductCode": "101525432_ST",
                    "conditionLabelFormatted": "",
                    "promotionRedeemLimit": null,
                    "promotionPercentage": null,
                    "cartLabelFormatted": "",
                    "priority": 208,
                    "code": "10009465425"
                }
            ],
            "inactivePotentialPromotions": [],
            "priceValue": 36.95,
            "price": "36,95 kr",
            "image": {
                "imageType": "PRIMARY",
                "format": "product",
                "url": "https://assets.axfood.se/image/upload/f_auto,t_200/07311043004980_C1L1_s01",
                "altText": null,
                "galleryIndex": null,
                "width": null
            },
            "ranking": 20.9110896743314,
            "depositPrice": "",
            "averageWeight": null,
            "comparePrice": "36,95 kr",
            "comparePriceUnit": "kg",
            "isDrugProduct": false,
            "solrSearchScore": 0.7614262700080872,
            "energyDeclaration": null,
            "newsSplashProduct": false,
            "notAllowedB2b": false,
            "notAllowedAnonymous": false,
            "productLine2": "GARANT, 1kg",
            "pickupProductLine2": "GARANT, 1kg",
            "priceUnit": "kr/st",
            "priceNoUnit": "36,95",
            "savingsAmount": 0.0,
            "googleAnalyticsCategory": "skafferi|ris-mos-och-gryner-|ris",
            "gdprTrackingIncompliant": false,
            "nicotineMedicalProduct": false,
            "tobaccoFreeNicotineProduct": false,
            "nonEkoProduct": false,
            "precautionaryStatements": [],
            "hazards": [],
            "tobaccoProduct": false,
            "showGoodPriceIcon": true,
            "labels": [],
            "seoDescription": "",
            "seoTitle": "",
            "manufacturer": "Garant",
            "incrementValue": 1.0,
            "productBasketType": {
                "code": "ST",
                "type": "ProductBasketTypeEnum"
            },
            "bargainProduct": false,
            "addToCartMessage": "",
            "thumbnail": {
                "imageType": "PRIMARY",
                "format": "thumbnail",
                "url": "https://assets.axfood.se/image/upload/f_auto,t_100/07311043004980_C1L1_s01",
                "altText": null,
                "galleryIndex": null,
                "width": null
            },
            "outOfStock": false,
            "online": true,
            "displayVolume": "1kg",
            "addToCartDisabled": false,
            "name": "Långkorn 10min Ris",
            "code": "101525432_ST"
        },
        {
            "potentialPromotions": [
                {
                    "threshold": null,
                    "applied": false,
                    "campaignType": "GENERAL",
                    "offerStatus": null,
                    "productCodes": [
                        "101222585_ST",
                        "101222613_ST",
                        "101222615_ST"
                    ],
                    "promotionTheme": {
                        "code": "Z019",
                        "visible": null
                    },
                    "textLabelGenerated": "Alltid bra pris!",
                    "textLabelManual": null,
                    "lowestHistoricalPrice": null,
                    "price": {
                        "currencyIso": "SEK",
                        "value": 18.95,
                        "priceType": "BUY",
                        "formattedValue": "18,95 kr",
                        "minQuantity": null,
                        "maxQuantity": null
                    },
                    "promotionType": "MixMatchPricePromotion",
                    "conditionLabel": "",
                    "rewardLabel": "18,95 kr",
                    "textLabel": "Alltid bra pris!",
                    "redeemLimitLabel": "",
                    "cartLabel": null,
                    "validUntil": null,
                    "timesUsed": null,
                    "qualifyingCount": 1,
                    "comparePrice": "18,95 kr",
                    "splashTitleText": "Alltid bra pris",
                    "realMixAndMatch": false,
                    "mainProductCode": "101222585_ST",
                    "conditionLabelFormatted": "",
                    "promotionRedeemLimit": null,
                    "promotionPercentage": null,
                    "cartLabelFormatted": "",
                    "priority": 208,
                    "code": "10009465424"
                }
            ],
            "inactivePotentialPromotions": [],
            "priceValue": 18.95,
            "price": "18,95 kr",
            "image": {
                "imageType": "PRIMARY",
                "format": "product",
                "url": "https://assets.axfood.se/image/upload/f_auto,t_200/07340083435973_C1L1_s02",
                "altText": null,
                "galleryIndex": null,
                "width": null
            },
            "ranking": 20.9110896710546,
            "depositPrice": "",
            "averageWeight": null,
            "comparePrice": "18,95 kr",
            "comparePriceUnit": "l",
            "isDrugProduct": false,
            "solrSearchScore": 0.7614262700080872,
            "energyDeclaration": null,
            "newsSplashProduct": false,
            "notAllowedB2b": false,
            "notAllowedAnonymous": false,
            "productLine2": "GARANT, 1l",
            "pickupProductLine2": "GARANT, 1l",
            "priceUnit": "kr/st",
            "priceNoUnit": "18,95",
            "savingsAmount": 0.0,
            "googleAnalyticsCategory": "mejeri-ost-och-agg|mjolk|laktosfri-mjolk",
            "gdprTrackingIncompliant": false,
            "nicotineMedicalProduct": false,
            "tobaccoFreeNicotineProduct": false,
            "nonEkoProduct": false,
            "precautionaryStatements": [],
            "hazards": [],
            "tobaccoProduct": false,
            "showGoodPriceIcon": true,
            "labels": [
                "swedish_flag",
                "from_sweden"
            ],
            "seoDescription": "",
            "seoTitle": "",
            "manufacturer": "Garant",
            "incrementValue": 1.0,
            "productBasketType": {
                "code": "ST",
                "type": "ProductBasketTypeEnum"
            },
            "bargainProduct": false,
            "addToCartMessage": "",
            "thumbnail": {
                "imageType": "PRIMARY",
                "format": "thumbnail",
                "url": "https://assets.axfood.se/image/upload/f_auto,t_100/07340083435973_C1L1_s02",
                "altText": null,
                "galleryIndex": null,
                "width": null
            },
            "outOfStock": false,
            "online": true,
            "displayVolume": "1l",
            "addToCartDisabled": false,
            "name": "Mellanmjölk Laktosfri 1,5%",
            "code": "101222585_ST"
        },
        {
            "potentialPromotions": [
                {
                    "threshold": null,
                    "applied": false,
                    "campaignType": "GENERAL",
                    "offerStatus": null,
                    "productCodes": [
                        "101260149_ST"
                    ],
                    "promotionTheme": {
                        "code": "Z019",
                        "visible": null
                    },
                    "textLabelGenerated": "Alltid bra pris!",
                    "textLabelManual": null,
                    "lowestHistoricalPrice": null,
                    "price": {
                        "currencyIso": "SEK",
                        "value": 35.95,
                        "priceType": "BUY",
                        "formattedValue": "35,95 kr",
                        "minQuantity": null,
                        "maxQuantity": null
                    },
                    "promotionType": "MixMatchPricePromotion",
                    "conditionLabel": "",
                    "rewardLabel": "35,95 kr",
                    "textLabel": "Alltid bra pris!",
                    "redeemLimitLabel": "",
                    "cartLabel": null,
                    "validUntil": null,
                    "timesUsed": null,
                    "qualifyingCount": 1,
                    "comparePrice": "102,71 kr",
                    "splashTitleText": "Alltid bra pris",
                    "realMixAndMatch": false,
                    "mainProductCode": "101260149_ST",
                    "conditionLabelFormatted": "",
                    "promotionRedeemLimit": null,
                    "promotionPercentage": null,
                    "cartLabelFormatted": "",
                    "priority": 208,
                    "code": "10009465422"
                }
            ],
            "inactivePotentialPromotions": [],
            "priceValue": 35.95,
            "price": "35,95 kr",
            "image": {
                "imageType": "PRIMARY",
                "format": "product",
                "url": "https://assets.axfood.se/image/upload/f_auto,t_200/07340083453892_C1L1_s01",
                "altText": null,
                "galleryIndex": null,
                "width": null
            },
            "ranking": 20.911089664501,
            "depositPrice": "",
            "averageWeight": null,
            "comparePrice": "102,71 kr",
            "comparePriceUnit": "kg",
            "isDrugProduct": false,
            "solrSearchScore": 0.7614262700080872,
            "energyDeclaration": null,
            "newsSplashProduct": false,
            "notAllowedB2b": false,
            "notAllowedAnonymous": false,
            "productLine2": "GARANT, 350g",
            "pickupProductLine2": "GARANT, 350g",
            "priceUnit": "kr/st",
            "priceNoUnit": "35,95",
            "savingsAmount": 0.0,
            "googleAnalyticsCategory": "kott-fagel-och-chark|chark|kottbullar-och-farsprodukter",
            "gdprTrackingIncompliant": false,
            "nicotineMedicalProduct": false,
            "tobaccoFreeNicotineProduct": false,
            "nonEkoProduct": false,
            "precautionaryStatements": [],
            "hazards": [],
            "tobaccoProduct": false,
            "showGoodPriceIcon": true,
            "labels": [
                "swedish_flag",
                "swedish_bird"
            ],
            "seoDescription": "",
            "seoTitle": "",
            "manufacturer": "Garant",
            "incrementValue": 1.0,
            "productBasketType": {
                "code": "ST",
                "type": "ProductBasketTypeEnum"
            },
            "bargainProduct": false,
            "addToCartMessage": "",
            "thumbnail": {
                "imageType": "PRIMARY",
                "format": "thumbnail",
                "url": "https://assets.axfood.se/image/upload/f_auto,t_100/07340083453892_C1L1_s01",
                "altText": null,
                "galleryIndex": null,
                "width": null
            },
            "outOfStock": false,
            "online": true,
            "displayVolume": "350g",
            "addToCartDisabled": false,
            "name": "Köttbullar Kyckling",
            "code": "101260149_ST"
        },
        {
            "potentialPromotions": [
                {
                    "threshold": null,
                    "applied": false,
                    "campaignType": "GENERAL",
                    "offerStatus": null,
                    "productCodes": [
                        "101488555_ST"
                    ],
                    "promotionTheme": {
                        "code": "Z019",
                        "visible": null
                    },
                    "textLabelGenerated": "Alltid bra pris!",
                    "textLabelManual": null,
                    "lowestHistoricalPrice": null,
                    "price": {
                        "currencyIso": "SEK",
                        "value": 36.95,
                        "priceType": "BUY",
                        "formattedValue": "36,95 kr",
                        "minQuantity": null,
                        "maxQuantity": null
                    },
                    "promotionType": "MixMatchPricePromotion",
                    "conditionLabel": "",
                    "rewardLabel": "36,95 kr",
                    "textLabel": "Alltid bra pris!",
                    "redeemLimitLabel": "",
                    "cartLabel": null,
                    "validUntil": null,
                    "timesUsed": null,
                    "qualifyingCount": 1,
                    "comparePrice": "36,95 kr",
                    "splashTitleText": "Alltid bra pris",
                    "realMixAndMatch": false,
                    "mainProductCode": "101488555_ST",
                    "conditionLabelFormatted": "",
                    "promotionRedeemLimit": null,
                    "promotionPercentage": null,
                    "cartLabelFormatted": "",
                    "priority": 208,
                    "code": "10009465421"
                }
            ],
            "inactivePotentialPromotions": [],
            "priceValue": 36.95,
            "price": "36,95 kr",
            "image": {
                "imageType": "PRIMARY",
                "format": "product",
                "url": "https://assets.axfood.se/image/upload/f_auto,t_200/07311043002498_C1L1_s01",
                "altText": null,
                "galleryIndex": null,
                "width": null
            },
            "ranking": 20.9110896612242,
            "depositPrice": "",
            "averageWeight": null,
            "comparePrice": "36,95 kr",
            "comparePriceUnit": "kg",
            "isDrugProduct": false,
            "solrSearchScore": 0.7614262700080872,
            "energyDeclaration": null,
            "newsSplashProduct": false,
            "notAllowedB2b": false,
            "notAllowedAnonymous": false,
            "productLine2": "GARANT, 1kg",
            "pickupProductLine2": "GARANT, 1kg",
            "priceUnit": "kr/st",
            "priceNoUnit": "36,95",
            "savingsAmount": 0.0,
            "googleAnalyticsCategory": "skafferi|ris-mos-och-gryner-|ris",
            "gdprTrackingIncompliant": false,
            "nicotineMedicalProduct": false,
            "tobaccoFreeNicotineProduct": false,
            "nonEkoProduct": false,
            "precautionaryStatements": [],
            "hazards": [],
            "tobaccoProduct": false,
            "showGoodPriceIcon": true,
            "labels": [],
            "seoDescription": "",
            "seoTitle": "",
            "manufacturer": "Garant",
            "incrementValue": 1.0,
            "productBasketType": {
                "code": "ST",
                "type": "ProductBasketTypeEnum"
            },
            "bargainProduct": false,
            "addToCartMessage": "",
            "thumbnail": {
                "imageType": "PRIMARY",
                "format": "thumbnail",
                "url": "https://assets.axfood.se/image/upload/f_auto,t_100/07311043002498_C1L1_s01",
                "altText": null,
                "galleryIndex": null,
                "width": null
            },
            "outOfStock": false,
            "online": true,
            "displayVolume": "1kg",
            "addToCartDisabled": false,
            "name": "Jasminris",
            "code": "101488555_ST"
        },
        {
            "potentialPromotions": [
                {
                    "threshold": null,
                    "applied": false,
                    "campaignType": "GENERAL",
                    "offerStatus": null,
                    "productCodes": [
                        "101276779_ST"
                    ],
                    "promotionTheme": {
                        "code": "Z019",
                        "visible": null
                    },
                    "textLabelGenerated": "Alltid bra pris!",
                    "textLabelManual": null,
                    "lowestHistoricalPrice": null,
                    "price": {
                        "currencyIso": "SEK",
                        "value": 29.95,
                        "priceType": "BUY",
                        "formattedValue": "29,95 kr",
                        "minQuantity": null,
                        "maxQuantity": null
                    },
                    "promotionType": "MixMatchPricePromotion",
                    "conditionLabel": "",
                    "rewardLabel": "29,95 kr",
                    "textLabel": "Alltid bra pris!",
                    "redeemLimitLabel": "",
                    "cartLabel": null,
                    "validUntil": null,
                    "timesUsed": null,
                    "qualifyingCount": 1,
                    "comparePrice": "74,88 kr",
                    "splashTitleText": "Alltid bra pris",
                    "realMixAndMatch": false,
                    "mainProductCode": "101276779_ST",
                    "conditionLabelFormatted": "",
                    "promotionRedeemLimit": null,
                    "promotionPercentage": null,
                    "cartLabelFormatted": "",
                    "priority": 208,
                    "code": "10009465420"
                }
            ],
            "inactivePotentialPromotions": [],
            "priceValue": 29.95,
            "price": "29,95 kr",
            "image": {
                "imageType": "PRIMARY",
                "format": "product",
                "url": "https://assets.axfood.se/image/upload/f_auto,t_200/07340083465017_C1N1_s03",
                "altText": null,
                "galleryIndex": null,
                "width": null
            },
            "ranking": 20.9110896579474,
            "depositPrice": "",
            "averageWeight": null,
            "comparePrice": "74,88 kr",
            "comparePriceUnit": "kg",
            "isDrugProduct": false,
            "solrSearchScore": 0.7614262700080872,
            "energyDeclaration": null,
            "newsSplashProduct": false,
            "notAllowedB2b": false,
            "notAllowedAnonymous": false,
            "productLine2": "GARANT, 400g",
            "pickupProductLine2": "GARANT, 400g",
            "priceUnit": "kr/st",
            "priceNoUnit": "29,95",
            "savingsAmount": 0.0,
            "googleAnalyticsCategory": "kott-fagel-och-chark|korv|grill-och-kryddkorv",
            "gdprTrackingIncompliant": false,
            "nicotineMedicalProduct": false,
            "tobaccoFreeNicotineProduct": false,
            "nonEkoProduct": false,
            "precautionaryStatements": [],
            "hazards": [],
            "tobaccoProduct": false,
            "showGoodPriceIcon": true,
            "labels": [
                "swedish_flag",
                "meat_from_sweden"
            ],
            "seoDescription": "",
            "seoTitle": "",
            "manufacturer": "Garant",
            "incrementValue": 1.0,
            "productBasketType": {
                "code": "ST",
                "type": "ProductBasketTypeEnum"
            },
            "bargainProduct": false,
            "addToCartMessage": "",
            "thumbnail": {
                "imageType": "PRIMARY",
                "format": "thumbnail",
                "url": "https://assets.axfood.se/image/upload/f_auto,t_100/07340083465017_C1N1_s03",
                "altText": null,
                "galleryIndex": null,
                "width": null
            },
            "outOfStock": false,
            "online": true,
            "displayVolume": "400g",
            "addToCartDisabled": false,
            "name": "Grillkorv Hög Kötthalt",
            "code": "101276779_ST"
        },
        {
            "potentialPromotions": [
                {
                    "threshold": null,
                    "applied": false,
                    "campaignType": "GENERAL",
                    "offerStatus": null,
                    "productCodes": [
                        "101197439_ST"
                    ],
                    "promotionTheme": {
                        "code": "Z019",
                        "visible": null
                    },
                    "textLabelGenerated": "Alltid bra pris!",
                    "textLabelManual": null,
                    "lowestHistoricalPrice": null,
                    "price": {
                        "currencyIso": "SEK",
                        "value": 39.95,
                        "priceType": "BUY",
                        "formattedValue": "39,95 kr",
                        "minQuantity": null,
                        "maxQuantity": null
                    },
                    "promotionType": "MixMatchPricePromotion",
                    "conditionLabel": "",
                    "rewardLabel": "39,95 kr",
                    "textLabel": "Alltid bra pris!",
                    "redeemLimitLabel": "",
                    "cartLabel": null,
                    "validUntil": null,
                    "timesUsed": null,
                    "qualifyingCount": 1,
                    "comparePrice": "235,00 kr",
                    "splashTitleText": "Alltid bra pris",
                    "realMixAndMatch": false,
                    "mainProductCode": "101197439_ST",
                    "conditionLabelFormatted": "",
                    "promotionRedeemLimit": null,
                    "promotionPercentage": null,
                    "cartLabelFormatted": "",
                    "priority": 208,
                    "code": "10009465419"
                }
            ],
            "inactivePotentialPromotions": [],
            "priceValue": 39.95,
            "price": "39,95 kr",
            "image": {
                "imageType": "PRIMARY",
                "format": "product",
                "url": "https://assets.axfood.se/image/upload/f_auto,t_200/07340083404610_C1N1_s02",
                "altText": null,
                "galleryIndex": null,
                "width": null
            },
            "ranking": 20.9110896546706,
            "depositPrice": "",
            "averageWeight": null,
            "comparePrice": "235,00 kr",
            "comparePriceUnit": "kg",
            "isDrugProduct": false,
            "solrSearchScore": 0.7614262700080872,
            "energyDeclaration": null,
            "newsSplashProduct": false,
            "notAllowedB2b": false,
            "notAllowedAnonymous": false,
            "productLine2": "GARANT, 170g",
            "pickupProductLine2": "GARANT, 170g",
            "priceUnit": "kr/st",
            "priceNoUnit": "39,95",
            "savingsAmount": 0.0,
            "googleAnalyticsCategory": "kott-fagel-och-chark|palagg|korv-och-salami",
            "gdprTrackingIncompliant": false,
            "nicotineMedicalProduct": false,
            "tobaccoFreeNicotineProduct": false,
            "nonEkoProduct": false,
            "precautionaryStatements": [],
            "hazards": [],
            "tobaccoProduct": false,
            "showGoodPriceIcon": true,
            "labels": [],
            "seoDescription": "",
            "seoTitle": "",
            "manufacturer": "Garant",
            "incrementValue": 1.0,
            "productBasketType": {
                "code": "ST",
                "type": "ProductBasketTypeEnum"
            },
            "bargainProduct": false,
            "addToCartMessage": "",
            "thumbnail": {
                "imageType": "PRIMARY",
                "format": "thumbnail",
                "url": "https://assets.axfood.se/image/upload/f_auto,t_100/07340083404610_C1N1_s02",
                "altText": null,
                "galleryIndex": null,
                "width": null
            },
            "outOfStock": false,
            "online": true,
            "displayVolume": "170g",
            "addToCartDisabled": false,
            "name": "Fuet Tradicional Lufttorkad Salami",
            "code": "101197439_ST"
        },
        {
            "potentialPromotions": [
                {
                    "threshold": null,
                    "applied": false,
                    "campaignType": "GENERAL",
                    "offerStatus": null,
                    "productCodes": [
                        "101591307_ST"
                    ],
                    "promotionTheme": {
                        "code": "Z019",
                        "visible": null
                    },
                    "textLabelGenerated": "Alltid bra pris!",
                    "textLabelManual": null,
                    "lowestHistoricalPrice": null,
                    "price": {
                        "currencyIso": "SEK",
                        "value": 19.95,
                        "priceType": "BUY",
                        "formattedValue": "19,95 kr",
                        "minQuantity": null,
                        "maxQuantity": null
                    },
                    "promotionType": "MixMatchPricePromotion",
                    "conditionLabel": "",
                    "rewardLabel": "19,95 kr",
                    "textLabel": "Alltid bra pris!",
                    "redeemLimitLabel": "",
                    "cartLabel": null,
                    "validUntil": null,
                    "timesUsed": null,
                    "qualifyingCount": 1,
                    "comparePrice": "62,34 kr",
                    "splashTitleText": "Alltid bra pris",
                    "realMixAndMatch": false,
                    "mainProductCode": "101285787_ST",
                    "conditionLabelFormatted": "",
                    "promotionRedeemLimit": null,
                    "promotionPercentage": null,
                    "cartLabelFormatted": "",
                    "priority": 208,
                    "code": "10009465417"
                }
            ],
            "inactivePotentialPromotions": [],
            "priceValue": 19.95,
            "price": "19,95 kr",
            "image": {
                "imageType": "PRIMARY",
                "format": "product",
                "url": "https://assets.axfood.se/image/upload/f_auto,t_200/07317530110653_S01",
                "altText": null,
                "galleryIndex": null,
                "width": null
            },
            "ranking": 20.911089648117,
            "depositPrice": "",
            "averageWeight": null,
            "comparePrice": "62,34 kr",
            "comparePriceUnit": "kg",
            "isDrugProduct": false,
            "solrSearchScore": 0.7614262700080872,
            "energyDeclaration": null,
            "newsSplashProduct": false,
            "notAllowedB2b": false,
            "notAllowedAnonymous": false,
            "productLine2": "GARANT, 320g",
            "pickupProductLine2": "GARANT, 320g",
            "priceUnit": "kr/st",
            "priceNoUnit": "19,95",
            "savingsAmount": 0.0,
            "googleAnalyticsCategory": "brod-och-kakor|brod|baguetter-och-losbrod",
            "gdprTrackingIncompliant": false,
            "nicotineMedicalProduct": false,
            "tobaccoFreeNicotineProduct": false,
            "nonEkoProduct": false,
            "precautionaryStatements": [],
            "hazards": [],
            "tobaccoProduct": false,
            "showGoodPriceIcon": true,
            "labels": [],
            "seoDescription": "",
            "seoTitle": "",
            "manufacturer": "Garant",
            "incrementValue": 1.0,
            "productBasketType": {
                "code": "ST",
                "type": "ProductBasketTypeEnum"
            },
            "bargainProduct": false,
            "addToCartMessage": "",
            "thumbnail": {
                "imageType": "PRIMARY",
                "format": "thumbnail",
                "url": "https://assets.axfood.se/image/upload/f_auto,t_100/07317530110653_S01",
                "altText": null,
                "galleryIndex": null,
                "width": null
            },
            "outOfStock": false,
            "online": true,
            "displayVolume": "320g",
            "addToCartDisabled": false,
            "name": "Rågbröd Danskt",
            "code": "101591307_ST"
        },
        {
            "potentialPromotions": [
                {
                    "threshold": null,
                    "applied": false,
                    "campaignType": "GENERAL",
                    "offerStatus": null,
                    "productCodes": [
                        "101547035_ST",
                        "101547064_ST"
                    ],
                    "promotionTheme": {
                        "code": "Z019",
                        "visible": null
                    },
                    "textLabelGenerated": "Alltid bra pris!",
                    "textLabelManual": null,
                    "lowestHistoricalPrice": null,
                    "price": {
                        "currencyIso": "SEK",
                        "value": 34.95,
                        "priceType": "BUY",
                        "formattedValue": "34,95 kr",
                        "minQuantity": null,
                        "maxQuantity": null
                    },
                    "promotionType": "MixMatchPricePromotion",
                    "conditionLabel": "",
                    "rewardLabel": "34,95 kr",
                    "textLabel": "Alltid bra pris!",
                    "redeemLimitLabel": "",
                    "cartLabel": null,
                    "validUntil": null,
                    "timesUsed": null,
                    "qualifyingCount": 1,
                    "comparePrice": "34,95 kr",
                    "splashTitleText": "Alltid bra pris",
                    "realMixAndMatch": false,
                    "mainProductCode": "101445543_ST",
                    "conditionLabelFormatted": "",
                    "promotionRedeemLimit": null,
                    "promotionPercentage": null,
                    "cartLabelFormatted": "",
                    "priority": 208,
                    "code": "10009465416"
                }
            ],
            "inactivePotentialPromotions": [],
            "priceValue": 34.95,
            "price": "34,95 kr",
            "image": {
                "imageType": "PRIMARY",
                "format": "product",
                "url": "https://assets.axfood.se/image/upload/f_auto,t_200/07311043007868_C1L1_s01",
                "altText": null,
                "galleryIndex": null,
                "width": null
            },
            "ranking": 20.9110896448402,
            "depositPrice": "",
            "averageWeight": null,
            "comparePrice": "34,95 kr",
            "comparePriceUnit": "kg",
            "isDrugProduct": false,
            "solrSearchScore": 0.7614262700080872,
            "energyDeclaration": null,
            "newsSplashProduct": false,
            "notAllowedB2b": false,
            "notAllowedAnonymous": false,
            "productLine2": "GARANT, 1kg",
            "pickupProductLine2": "GARANT, 1kg",
            "priceUnit": "kr/st",
            "priceNoUnit": "34,95",
            "savingsAmount": 0.0,
            "googleAnalyticsCategory": "skafferi|ris-mos-och-gryner-|couscous-och-bulgur",
            "gdprTrackingIncompliant": false,
            "nicotineMedicalProduct": false,
            "tobaccoFreeNicotineProduct": false,
            "nonEkoProduct": false,
            "precautionaryStatements": [],
            "hazards": [],
            "tobaccoProduct": false,
            "showGoodPriceIcon": true,
            "labels": [
                "keyhole"
            ],
            "seoDescription": "",
            "seoTitle": "",
            "manufacturer": "Garant",
            "incrementValue": 1.0,
            "productBasketType": {
                "code": "ST",
                "type": "ProductBasketTypeEnum"
            },
            "bargainProduct": false,
            "addToCartMessage": "",
            "thumbnail": {
                "imageType": "PRIMARY",
                "format": "thumbnail",
                "url": "https://assets.axfood.se/image/upload/f_auto,t_100/07311043007868_C1L1_s01",
                "altText": null,
                "galleryIndex": null,
                "width": null
            },
            "outOfStock": false,
            "online": true,
            "displayVolume": "1kg",
            "addToCartDisabled": false,
            "name": "Couscous",
            "code": "101547035_ST"
        },
        {
            "potentialPromotions": [
                {
                    "threshold": null,
                    "applied": false,
                    "campaignType": "GENERAL",
                    "offerStatus": null,
                    "productCodes": [
                        "101488798_ST"
                    ],
                    "promotionTheme": {
                        "code": "Z019",
                        "visible": null
                    },
                    "textLabelGenerated": "Alltid bra pris!",
                    "textLabelManual": null,
                    "lowestHistoricalPrice": null,
                    "price": {
                        "currencyIso": "SEK",
                        "value": 42.95,
                        "priceType": "BUY",
                        "formattedValue": "42,95 kr",
                        "minQuantity": null,
                        "maxQuantity": null
                    },
                    "promotionType": "MixMatchPricePromotion",
                    "conditionLabel": "",
                    "rewardLabel": "42,95 kr",
                    "textLabel": "Alltid bra pris!",
                    "redeemLimitLabel": "",
                    "cartLabel": null,
                    "validUntil": null,
                    "timesUsed": null,
                    "qualifyingCount": 1,
                    "comparePrice": "42,95 kr",
                    "splashTitleText": "Alltid bra pris",
                    "realMixAndMatch": false,
                    "mainProductCode": "101488798_ST",
                    "conditionLabelFormatted": "",
                    "promotionRedeemLimit": null,
                    "promotionPercentage": null,
                    "cartLabelFormatted": "",
                    "priority": 208,
                    "code": "10009465414"
                }
            ],
            "inactivePotentialPromotions": [],
            "priceValue": 42.95,
            "price": "42,95 kr",
            "image": {
                "imageType": "PRIMARY",
                "format": "product",
                "url": "https://assets.axfood.se/image/upload/f_auto,t_200/07311043002528_C1L1_s01",
                "altText": null,
                "galleryIndex": null,
                "width": null
            },
            "ranking": 20.9110896415634,
            "depositPrice": "",
            "averageWeight": null,
            "comparePrice": "42,95 kr",
            "comparePriceUnit": "kg",
            "isDrugProduct": false,
            "solrSearchScore": 0.7614262700080872,
            "energyDeclaration": null,
            "newsSplashProduct": false,
            "notAllowedB2b": false,
            "notAllowedAnonymous": false,
            "productLine2": "GARANT, 1kg",
            "pickupProductLine2": "GARANT, 1kg",
            "priceUnit": "kr/st",
            "priceNoUnit": "42,95",
            "savingsAmount": 0.0,
            "googleAnalyticsCategory": "skafferi|ris-mos-och-gryner-|ris",
            "gdprTrackingIncompliant": false,
            "nicotineMedicalProduct": false,
            "tobaccoFreeNicotineProduct": false,
            "nonEkoProduct": false,
            "precautionaryStatements": [],
            "hazards": [],
            "tobaccoProduct": false,
            "showGoodPriceIcon": true,
            "labels": [],
            "seoDescription": "",
            "seoTitle": "",
            "manufacturer": "Garant",
            "incrementValue": 1.0,
            "productBasketType": {
                "code": "ST",
                "type": "ProductBasketTypeEnum"
            },
            "bargainProduct": false,
            "addToCartMessage": "",
            "thumbnail": {
                "imageType": "PRIMARY",
                "format": "thumbnail",
                "url": "https://assets.axfood.se/image/upload/f_auto,t_100/07311043002528_C1L1_s01",
                "altText": null,
                "galleryIndex": null,
                "width": null
            },
            "outOfStock": false,
            "online": true,
            "displayVolume": "1kg",
            "addToCartDisabled": false,
            "name": "Basmatiris",
            "code": "101488798_ST"
        },
        {
            "potentialPromotions": [
                {
                    "threshold": null,
                    "applied": false,
                    "campaignType": "GENERAL",
                    "offerStatus": null,
                    "productCodes": [
                        "101343260_ST"
                    ],
                    "promotionTheme": {
                        "code": "Z019",
                        "visible": null
                    },
                    "textLabelGenerated": "Alltid bra pris!",
                    "textLabelManual": null,
                    "lowestHistoricalPrice": null,
                    "price": {
                        "currencyIso": "SEK",
                        "value": 51.95,
                        "priceType": "BUY",
                        "formattedValue": "51,95 kr",
                        "minQuantity": null,
                        "maxQuantity": null
                    },
                    "promotionType": "MixMatchPricePromotion",
                    "conditionLabel": "",
                    "rewardLabel": "51,95 kr",
                    "textLabel": "Alltid bra pris!",
                    "redeemLimitLabel": "",
                    "cartLabel": null,
                    "validUntil": null,
                    "timesUsed": null,
                    "qualifyingCount": 1,
                    "comparePrice": "108,23 kr",
                    "splashTitleText": "Alltid bra pris",
                    "realMixAndMatch": false,
                    "mainProductCode": "101343260_ST",
                    "conditionLabelFormatted": "",
                    "promotionRedeemLimit": null,
                    "promotionPercentage": null,
                    "cartLabelFormatted": "",
                    "priority": 208,
                    "code": "10009465413"
                }
            ],
            "inactivePotentialPromotions": [],
            "priceValue": 51.95,
            "price": "51,95 kr",
            "image": {
                "imageType": "PRIMARY",
                "format": "product",
                "url": "https://assets.axfood.se/image/upload/f_auto,t_200/07340083486623_C1L1_s02",
                "altText": null,
                "galleryIndex": null,
                "width": null
            },
            "ranking": 20.9110896382866,
            "depositPrice": "",
            "averageWeight": null,
            "comparePrice": "108,23 kr",
            "comparePriceUnit": "kg",
            "isDrugProduct": false,
            "solrSearchScore": 0.7614262700080872,
            "energyDeclaration": null,
            "newsSplashProduct": false,
            "notAllowedB2b": false,
            "notAllowedAnonymous": false,
            "productLine2": "GARANT, 480g",
            "pickupProductLine2": "GARANT, 480g",
            "priceUnit": "kr/st",
            "priceNoUnit": "51,95",
            "savingsAmount": 0.0,
            "googleAnalyticsCategory": "fisk-och-skaldjur|fisk|fryst-fisk",
            "gdprTrackingIncompliant": false,
            "nicotineMedicalProduct": false,
            "tobaccoFreeNicotineProduct": false,
            "nonEkoProduct": true,
            "precautionaryStatements": [],
            "hazards": [],
            "tobaccoProduct": false,
            "showGoodPriceIcon": true,
            "labels": [
                "msc_fish",
                "keyhole",
                "environmental_facet"
            ],
            "seoDescription": "",
            "seoTitle": "",
            "manufacturer": "Garant",
            "incrementValue": 1.0,
            "productBasketType": {
                "code": "ST",
                "type": "ProductBasketTypeEnum"
            },
            "bargainProduct": false,
            "addToCartMessage": "",
            "thumbnail": {
                "imageType": "PRIMARY",
                "format": "thumbnail",
                "url": "https://assets.axfood.se/image/upload/f_auto,t_100/07340083486623_C1L1_s02",
                "altText": null,
                "galleryIndex": null,
                "width": null
            },
            "outOfStock": false,
            "online": true,
            "displayVolume": "480g",
            "addToCartDisabled": false,
            "name": "Frasig Firre Panerad Alaska Frysta/4 Port",
            "code": "101343260_ST"
        },
        {
            "potentialPromotions": [
                {
                    "threshold": null,
                    "applied": false,
                    "campaignType": "GENERAL",
                    "offerStatus": null,
                    "productCodes": [
                        "101573528_ST"
                    ],
                    "promotionTheme": {
                        "code": "Z019",
                        "visible": null
                    },
                    "textLabelGenerated": "Alltid bra pris!",
                    "textLabelManual": null,
                    "lowestHistoricalPrice": null,
                    "price": {
                        "currencyIso": "SEK",
                        "value": 19.95,
                        "priceType": "BUY",
                        "formattedValue": "19,95 kr",
                        "minQuantity": null,
                        "maxQuantity": null
                    },
                    "promotionType": "MixMatchPricePromotion",
                    "conditionLabel": "",
                    "rewardLabel": "19,95 kr",
                    "textLabel": "Alltid bra pris!",
                    "redeemLimitLabel": "",
                    "cartLabel": null,
                    "validUntil": null,
                    "timesUsed": null,
                    "qualifyingCount": 1,
                    "comparePrice": "133,00 kr",
                    "splashTitleText": "Alltid bra pris",
                    "realMixAndMatch": false,
                    "mainProductCode": "101573528_ST",
                    "conditionLabelFormatted": "",
                    "promotionRedeemLimit": null,
                    "promotionPercentage": null,
                    "cartLabelFormatted": "",
                    "priority": 208,
                    "code": "10009465412"
                }
            ],
            "inactivePotentialPromotions": [],
            "priceValue": 19.95,
            "price": "19,95 kr",
            "image": {
                "imageType": "PRIMARY",
                "format": "product",
                "url": "https://assets.axfood.se/image/upload/f_auto,t_200/07311043003327_C1N1_s01",
                "altText": null,
                "galleryIndex": null,
                "width": null
            },
            "ranking": 20.9110896350098,
            "depositPrice": "",
            "averageWeight": null,
            "comparePrice": "133,00 kr",
            "comparePriceUnit": "kg",
            "isDrugProduct": false,
            "solrSearchScore": 0.7614262700080872,
            "energyDeclaration": null,
            "newsSplashProduct": false,
            "notAllowedB2b": false,
            "notAllowedAnonymous": false,
            "productLine2": "GARANT, 150g",
            "pickupProductLine2": "GARANT, 150g",
            "priceUnit": "kr/st",
            "priceNoUnit": "19,95",
            "savingsAmount": 0.0,
            "googleAnalyticsCategory": "godis-snacks-och-glass|notter-och-snacks",
            "gdprTrackingIncompliant": false,
            "nicotineMedicalProduct": false,
            "tobaccoFreeNicotineProduct": false,
            "nonEkoProduct": false,
            "precautionaryStatements": [],
            "hazards": [],
            "tobaccoProduct": false,
            "showGoodPriceIcon": true,
            "labels": [],
            "seoDescription": "",
            "seoTitle": "",
            "manufacturer": "Garant",
            "incrementValue": 1.0,
            "productBasketType": {
                "code": "ST",
                "type": "ProductBasketTypeEnum"
            },
            "bargainProduct": false,
            "addToCartMessage": "",
            "thumbnail": {
                "imageType": "PRIMARY",
                "format": "thumbnail",
                "url": "https://assets.axfood.se/image/upload/f_auto,t_100/07311043003327_C1N1_s01",
                "altText": null,
                "galleryIndex": null,
                "width": null
            },
            "outOfStock": false,
            "online": true,
            "displayVolume": "150g",
            "addToCartDisabled": false,
            "name": "Chilinötter",
            "code": "101573528_ST"
        },
        {
            "potentialPromotions": [
                {
                    "threshold": null,
                    "applied": false,
                    "campaignType": "GENERAL",
                    "offerStatus": null,
                    "productCodes": [
                        "101225898_ST"
                    ],
                    "promotionTheme": {
                        "code": "Z019",
                        "visible": null
                    },
                    "textLabelGenerated": "Alltid bra pris!",
                    "textLabelManual": null,
                    "lowestHistoricalPrice": null,
                    "price": {
                        "currencyIso": "SEK",
                        "value": 109.0,
                        "priceType": "BUY",
                        "formattedValue": "109,00 kr",
                        "minQuantity": null,
                        "maxQuantity": null
                    },
                    "promotionType": "MixMatchPricePromotion",
                    "conditionLabel": "",
                    "rewardLabel": "109 kr",
                    "textLabel": "Alltid bra pris!",
                    "redeemLimitLabel": "",
                    "cartLabel": null,
                    "validUntil": null,
                    "timesUsed": null,
                    "qualifyingCount": 1,
                    "comparePrice": "56,59 kr",
                    "splashTitleText": "Alltid bra pris",
                    "realMixAndMatch": false,
                    "mainProductCode": "101225898_ST",
                    "conditionLabelFormatted": "",
                    "promotionRedeemLimit": null,
                    "promotionPercentage": null,
                    "cartLabelFormatted": "",
                    "priority": 208,
                    "code": "10009465411"
                },
                {
                    "threshold": null,
                    "applied": false,
                    "campaignType": "GENERAL",
                    "offerStatus": null,
                    "productCodes": [
                        "101225898_ST"
                    ],
                    "promotionTheme": {
                        "code": "Z019",
                        "visible": null
                    },
                    "textLabelGenerated": "Alltid bra pris!",
                    "textLabelManual": null,
                    "lowestHistoricalPrice": null,
                    "price": {
                        "currencyIso": "SEK",
                        "value": 99.0,
                        "priceType": "BUY",
                        "formattedValue": "99,00 kr",
                        "minQuantity": null,
                        "maxQuantity": null
                    },
                    "promotionType": "MixMatchPricePromotion",
                    "conditionLabel": "",
                    "rewardLabel": "99 kr",
                    "textLabel": "Alltid bra pris!",
                    "redeemLimitLabel": "",
                    "cartLabel": null,
                    "validUntil": null,
                    "timesUsed": null,
                    "qualifyingCount": 1,
                    "comparePrice": "51,40 kr",
                    "splashTitleText": "Alltid bra pris",
                    "realMixAndMatch": false,
                    "mainProductCode": "101225898_ST",
                    "conditionLabelFormatted": "",
                    "promotionRedeemLimit": null,
                    "promotionPercentage": null,
                    "cartLabelFormatted": "",
                    "priority": 208,
                    "code": "10009465344"
                }
            ],
            "inactivePotentialPromotions": [],
            "priceValue": 109.0,
            "price": "109,00 kr",
            "image": {
                "imageType": "PRIMARY",
                "format": "product",
                "url": "https://assets.axfood.se/image/upload/f_auto,t_200/07340083434389_C1L1_s04",
                "altText": null,
                "galleryIndex": null,
                "width": null
            },
            "ranking": 20.911089631733,
            "depositPrice": "",
            "averageWeight": null,
            "comparePrice": "56,59 kr",
            "comparePriceUnit": "kg",
            "isDrugProduct": false,
            "solrSearchScore": 0.7614262700080872,
            "energyDeclaration": null,
            "newsSplashProduct": false,
            "notAllowedB2b": false,
            "notAllowedAnonymous": false,
            "productLine2": "FIXA, 18p",
            "pickupProductLine2": "FIXA, 18p",
            "priceUnit": "kr/st",
            "priceNoUnit": "109,00",
            "savingsAmount": 0.0,
            "googleAnalyticsCategory": "hem-och-hushall|toalett-och-hushallspapper|toalettpapper",
            "gdprTrackingIncompliant": false,
            "nicotineMedicalProduct": false,
            "tobaccoFreeNicotineProduct": false,
            "nonEkoProduct": false,
            "precautionaryStatements": [],
            "hazards": [],
            "tobaccoProduct": false,
            "showGoodPriceIcon": true,
            "labels": [
                "swan",
                "environmental_facet"
            ],
            "seoDescription": "",
            "seoTitle": "",
            "manufacturer": "Fixa",
            "incrementValue": 1.0,
            "productBasketType": {
                "code": "ST",
                "type": "ProductBasketTypeEnum"
            },
            "bargainProduct": false,
            "addToCartMessage": "",
            "thumbnail": {
                "imageType": "PRIMARY",
                "format": "thumbnail",
                "url": "https://assets.axfood.se/image/upload/f_auto,t_100/07340083434389_C1L1_s04",
                "altText": null,
                "galleryIndex": null,
                "width": null
            },
            "outOfStock": false,
            "online": true,
            "displayVolume": "18p",
            "addToCartDisabled": false,
            "name": "Toalettpapper Original 3 Lager",
            "code": "101225898_ST"
        },
        {
            "potentialPromotions": [
                {
                    "threshold": null,
                    "applied": false,
                    "campaignType": "GENERAL",
                    "offerStatus": null,
                    "productCodes": [
                        "101615659_ST"
                    ],
                    "promotionTheme": {
                        "code": "Z019",
                        "visible": null
                    },
                    "textLabelGenerated": "Alltid bra pris!",
                    "textLabelManual": null,
                    "lowestHistoricalPrice": null,
                    "price": {
                        "currencyIso": "SEK",
                        "value": 69.95,
                        "priceType": "BUY",
                        "formattedValue": "69,95 kr",
                        "minQuantity": null,
                        "maxQuantity": null
                    },
                    "promotionType": "MixMatchPricePromotion",
                    "conditionLabel": "",
                    "rewardLabel": "69,95 kr",
                    "textLabel": "Alltid bra pris!",
                    "redeemLimitLabel": "",
                    "cartLabel": null,
                    "validUntil": null,
                    "timesUsed": null,
                    "qualifyingCount": 1,
                    "comparePrice": "69,95 kr",
                    "splashTitleText": "Alltid bra pris",
                    "realMixAndMatch": false,
                    "mainProductCode": "101615659_ST",
                    "conditionLabelFormatted": "",
                    "promotionRedeemLimit": null,
                    "promotionPercentage": null,
                    "cartLabelFormatted": "",
                    "priority": 208,
                    "code": "10009465410"
                }
            ],
            "inactivePotentialPromotions": [],
            "priceValue": 69.95,
            "price": "69,95 kr",
            "image": {
                "imageType": "PRIMARY",
                "format": "product",
                "url": "https://assets.axfood.se/image/upload/f_auto,t_200/07350126088370_C1N1_s01",
                "altText": null,
                "galleryIndex": null,
                "width": null
            },
            "ranking": 20.9110896284562,
            "depositPrice": "",
            "averageWeight": null,
            "comparePrice": "69,95 kr",
            "comparePriceUnit": "kg",
            "isDrugProduct": false,
            "solrSearchScore": 0.7614262700080872,
            "energyDeclaration": null,
            "newsSplashProduct": false,
            "notAllowedB2b": false,
            "notAllowedAnonymous": false,
            "productLine2": "FELIX, 1kg",
            "pickupProductLine2": "FELIX, 1kg",
            "priceUnit": "kr/st",
            "priceNoUnit": "69,95",
            "savingsAmount": 0.0,
            "googleAnalyticsCategory": "vegetariskt|fryst-vegetariskt",
            "gdprTrackingIncompliant": false,
            "nicotineMedicalProduct": false,
            "tobaccoFreeNicotineProduct": false,
            "nonEkoProduct": false,
            "precautionaryStatements": [],
            "hazards": [],
            "tobaccoProduct": false,
            "showGoodPriceIcon": true,
            "labels": [],
            "seoDescription": "",
            "seoTitle": "",
            "manufacturer": "Felix",
            "incrementValue": 1.0,
            "productBasketType": {
                "code": "ST",
                "type": "ProductBasketTypeEnum"
            },
            "bargainProduct": false,
            "addToCartMessage": "",
            "thumbnail": {
                "imageType": "PRIMARY",
                "format": "thumbnail",
                "url": "https://assets.axfood.se/image/upload/f_auto,t_100/07350126088370_C1N1_s01",
                "altText": null,
                "galleryIndex": null,
                "width": null
            },
            "outOfStock": false,
            "online": true,
            "displayVolume": "1kg",
            "addToCartDisabled": false,
            "name": "Krögarpytt Vegetarisk",
            "code": "101615659_ST"
        },
        {
            "potentialPromotions": [
                {
                    "threshold": null,
                    "applied": false,
                    "campaignType": "GENERAL",
                    "offerStatus": null,
                    "productCodes": [
                        "101231804_ST"
                    ],
                    "promotionTheme": {
                        "code": "Z019",
                        "visible": null
                    },
                    "textLabelGenerated": "Alltid bra pris!",
                    "textLabelManual": null,
                    "lowestHistoricalPrice": null,
                    "price": {
                        "currencyIso": "SEK",
                        "value": 54.95,
                        "priceType": "BUY",
                        "formattedValue": "54,95 kr",
                        "minQuantity": null,
                        "maxQuantity": null
                    },
                    "promotionType": "MixMatchPricePromotion",
                    "conditionLabel": "",
                    "rewardLabel": "54,95 kr",
                    "textLabel": "Alltid bra pris!",
                    "redeemLimitLabel": "",
                    "cartLabel": null,
                    "validUntil": null,
                    "timesUsed": null,
                    "qualifyingCount": 1,
                    "comparePrice": "76,32 kr",
                    "splashTitleText": "Alltid bra pris",
                    "realMixAndMatch": false,
                    "mainProductCode": "101231804_ST",
                    "conditionLabelFormatted": "",
                    "promotionRedeemLimit": null,
                    "promotionPercentage": null,
                    "cartLabelFormatted": "",
                    "priority": 208,
                    "code": "10009465409"
                }
            ],
            "inactivePotentialPromotions": [],
            "priceValue": 54.95,
            "price": "54,95 kr",
            "image": {
                "imageType": "PRIMARY",
                "format": "product",
                "url": "https://assets.axfood.se/image/upload/f_auto,t_200/07310240075472_C1N1_s05",
                "altText": null,
                "galleryIndex": null,
                "width": null
            },
            "ranking": 20.9110896251794,
            "depositPrice": "",
            "averageWeight": null,
            "comparePrice": "76,32 kr",
            "comparePriceUnit": "kg",
            "isDrugProduct": false,
            "solrSearchScore": 0.7614262700080872,
            "energyDeclaration": null,
            "newsSplashProduct": false,
            "notAllowedB2b": false,
            "notAllowedAnonymous": false,
            "productLine2": "FELIX, 720g",
            "pickupProductLine2": "FELIX, 720g",
            "priceUnit": "kr/st",
            "priceNoUnit": "54,95",
            "savingsAmount": 0.0,
            "googleAnalyticsCategory": "fryst|portionsratter|flerportioner",
            "gdprTrackingIncompliant": false,
            "nicotineMedicalProduct": false,
            "tobaccoFreeNicotineProduct": false,
            "nonEkoProduct": false,
            "precautionaryStatements": [],
            "hazards": [],
            "tobaccoProduct": false,
            "showGoodPriceIcon": true,
            "labels": [],
            "seoDescription": "",
            "seoTitle": "",
            "manufacturer": "Felix",
            "incrementValue": 1.0,
            "productBasketType": {
                "code": "ST",
                "type": "ProductBasketTypeEnum"
            },
            "bargainProduct": false,
            "addToCartMessage": "",
            "thumbnail": {
                "imageType": "PRIMARY",
                "format": "thumbnail",
                "url": "https://assets.axfood.se/image/upload/f_auto,t_100/07310240075472_C1N1_s05",
                "altText": null,
                "galleryIndex": null,
                "width": null
            },
            "outOfStock": false,
            "online": true,
            "displayVolume": "720g",
            "addToCartDisabled": false,
            "name": "Krögarpytt Klassisk Fryst",
            "code": "101231804_ST"
        },
        {
            "potentialPromotions": [
                {
                    "threshold": null,
                    "applied": false,
                    "campaignType": "GENERAL",
                    "offerStatus": null,
                    "productCodes": [
                        "101334340_ST"
                    ],
                    "promotionTheme": {
                        "code": "Z019",
                        "visible": null
                    },
                    "textLabelGenerated": "Alltid bra pris!",
                    "textLabelManual": null,
                    "lowestHistoricalPrice": null,
                    "price": {
                        "currencyIso": "SEK",
                        "value": 89.0,
                        "priceType": "BUY",
                        "formattedValue": "89,00 kr",
                        "minQuantity": null,
                        "maxQuantity": null
                    },
                    "promotionType": "MixMatchPricePromotion",
                    "conditionLabel": "",
                    "rewardLabel": "89 kr",
                    "textLabel": "Alltid bra pris!",
                    "redeemLimitLabel": "",
                    "cartLabel": null,
                    "validUntil": null,
                    "timesUsed": null,
                    "qualifyingCount": 1,
                    "comparePrice": "445,00 kr",
                    "splashTitleText": "Alltid bra pris",
                    "realMixAndMatch": false,
                    "mainProductCode": "101334340_ST",
                    "conditionLabelFormatted": "",
                    "promotionRedeemLimit": null,
                    "promotionPercentage": null,
                    "cartLabelFormatted": "",
                    "priority": 208,
                    "code": "10009465408"
                }
            ],
            "inactivePotentialPromotions": [],
            "priceValue": 89.0,
            "price": "89,00 kr",
            "image": {
                "imageType": "PRIMARY",
                "format": "product",
                "url": "https://assets.axfood.se/image/upload/f_auto,t_200/07340083487538_C1N1_s01",
                "altText": null,
                "galleryIndex": null,
                "width": null
            },
            "ranking": 20.9110896219026,
            "depositPrice": "",
            "averageWeight": null,
            "comparePrice": "445,00 kr",
            "comparePriceUnit": "kg",
            "isDrugProduct": false,
            "solrSearchScore": 0.7614262700080872,
            "energyDeclaration": null,
            "newsSplashProduct": false,
            "notAllowedB2b": false,
            "notAllowedAnonymous": false,
            "productLine2": "FALKENBERG, 400/200g",
            "pickupProductLine2": "FALKENBERG, 400/200g",
            "priceUnit": "kr/st",
            "priceNoUnit": "89,00",
            "savingsAmount": 0.0,
            "googleAnalyticsCategory": "fisk-och-skaldjur|skaldjur|lakeprodukter",
            "gdprTrackingIncompliant": false,
            "nicotineMedicalProduct": false,
            "tobaccoFreeNicotineProduct": false,
            "nonEkoProduct": true,
            "precautionaryStatements": [],
            "hazards": [],
            "tobaccoProduct": false,
            "showGoodPriceIcon": true,
            "labels": [
                "msc_fish",
                "environmental_facet"
            ],
            "seoDescription": "",
            "seoTitle": "",
            "manufacturer": "Falkenberg",
            "incrementValue": 1.0,
            "productBasketType": {
                "code": "ST",
                "type": "ProductBasketTypeEnum"
            },
            "bargainProduct": false,
            "addToCartMessage": "",
            "thumbnail": {
                "imageType": "PRIMARY",
                "format": "thumbnail",
                "url": "https://assets.axfood.se/image/upload/f_auto,t_100/07340083487538_C1N1_s01",
                "altText": null,
                "galleryIndex": null,
                "width": null
            },
            "outOfStock": false,
            "online": true,
            "displayVolume": "400/200g",
            "addToCartDisabled": false,
            "name": "Stora Räkor i Lake Handskalade",
            "code": "101334340_ST"
        },
        {
            "potentialPromotions": [
                {
                    "threshold": null,
                    "applied": false,
                    "campaignType": "GENERAL",
                    "offerStatus": null,
                    "productCodes": [
                        "101348409_ST"
                    ],
                    "promotionTheme": {
                        "code": "Z019",
                        "visible": null
                    },
                    "textLabelGenerated": "Alltid bra pris!",
                    "textLabelManual": null,
                    "lowestHistoricalPrice": null,
                    "price": {
                        "currencyIso": "SEK",
                        "value": 39.95,
                        "priceType": "BUY",
                        "formattedValue": "39,95 kr",
                        "minQuantity": null,
                        "maxQuantity": null
                    },
                    "promotionType": "MixMatchPricePromotion",
                    "conditionLabel": "",
                    "rewardLabel": "39,95 kr",
                    "textLabel": "Alltid bra pris!",
                    "redeemLimitLabel": "",
                    "cartLabel": null,
                    "validUntil": null,
                    "timesUsed": null,
                    "qualifyingCount": 1,
                    "comparePrice": "39,95 kr",
                    "splashTitleText": "Alltid bra pris",
                    "realMixAndMatch": false,
                    "mainProductCode": "101348409_ST",
                    "conditionLabelFormatted": "",
                    "promotionRedeemLimit": null,
                    "promotionPercentage": null,
                    "cartLabelFormatted": "",
                    "priority": 208,
                    "code": "10009465407"
                }
            ],
            "inactivePotentialPromotions": [],
            "priceValue": 39.95,
            "price": "39,95 kr",
            "image": {
                "imageType": "PRIMARY",
                "format": "product",
                "url": "https://assets.axfood.se/image/upload/f_auto,t_200/07340083491399_C1N1_s01",
                "altText": null,
                "galleryIndex": null,
                "width": null
            },
            "ranking": 20.9110896186258,
            "depositPrice": "",
            "averageWeight": null,
            "comparePrice": "39,95 kr",
            "comparePriceUnit": "l",
            "isDrugProduct": false,
            "solrSearchScore": 0.7614262700080872,
            "energyDeclaration": null,
            "newsSplashProduct": false,
            "notAllowedB2b": false,
            "notAllowedAnonymous": false,
            "productLine2": "ELDORADO, 1l",
            "pickupProductLine2": "ELDORADO, 1l",
            "priceUnit": "kr/st",
            "priceNoUnit": "39,95",
            "savingsAmount": 0.0,
            "googleAnalyticsCategory": "skafferi|olja-och-vinager|olja",
            "gdprTrackingIncompliant": false,
            "nicotineMedicalProduct": false,
            "tobaccoFreeNicotineProduct": false,
            "nonEkoProduct": false,
            "precautionaryStatements": [],
            "hazards": [],
            "tobaccoProduct": false,
            "showGoodPriceIcon": true,
            "labels": [
                "keyhole"
            ],
            "seoDescription": "",
            "seoTitle": "",
            "manufacturer": "Eldorado",
            "incrementValue": 1.0,
            "productBasketType": {
                "code": "ST",
                "type": "ProductBasketTypeEnum"
            },
            "bargainProduct": false,
            "addToCartMessage": "",
            "thumbnail": {
                "imageType": "PRIMARY",
                "format": "thumbnail",
                "url": "https://assets.axfood.se/image/upload/f_auto,t_100/07340083491399_C1N1_s01",
                "altText": null,
                "galleryIndex": null,
                "width": null
            },
            "outOfStock": false,
            "online": true,
            "displayVolume": "1l",
            "addToCartDisabled": false,
            "name": "Matolja",
            "code": "101348409_ST"
        },
        {
            "potentialPromotions": [
                {
                    "threshold": null,
                    "applied": false,
                    "campaignType": "GENERAL",
                    "offerStatus": null,
                    "productCodes": [
                        "101801439_ST"
                    ],
                    "promotionTheme": {
                        "code": "Z019",
                        "visible": null
                    },
                    "textLabelGenerated": "Alltid bra pris!",
                    "textLabelManual": null,
                    "lowestHistoricalPrice": null,
                    "price": {
                        "currencyIso": "SEK",
                        "value": 37.95,
                        "priceType": "BUY",
                        "formattedValue": "37,95 kr",
                        "minQuantity": null,
                        "maxQuantity": null
                    },
                    "promotionType": "MixMatchPricePromotion",
                    "conditionLabel": "",
                    "rewardLabel": "37,95 kr",
                    "textLabel": "Alltid bra pris!",
                    "redeemLimitLabel": "",
                    "cartLabel": null,
                    "validUntil": null,
                    "timesUsed": null,
                    "qualifyingCount": 1,
                    "comparePrice": "37,95 kr",
                    "splashTitleText": "Alltid bra pris",
                    "realMixAndMatch": false,
                    "mainProductCode": "101435499_ST",
                    "conditionLabelFormatted": "",
                    "promotionRedeemLimit": null,
                    "promotionPercentage": null,
                    "cartLabelFormatted": "",
                    "priority": 208,
                    "code": "10009465406"
                }
            ],
            "inactivePotentialPromotions": [],
            "priceValue": 37.95,
            "price": "37,95 kr",
            "image": {
                "imageType": "PRIMARY",
                "format": "product",
                "url": "https://assets.axfood.se/image/upload/f_auto,t_200/07311043023219_C1N1_s01",
                "altText": null,
                "galleryIndex": null,
                "width": null
            },
            "ranking": 20.911089615349,
            "depositPrice": "",
            "averageWeight": null,
            "comparePrice": "37,95 kr",
            "comparePriceUnit": "l",
            "isDrugProduct": false,
            "solrSearchScore": 0.7614262700080872,
            "energyDeclaration": null,
            "newsSplashProduct": false,
            "notAllowedB2b": false,
            "notAllowedAnonymous": false,
            "productLine2": "ELDORADO, 1l",
            "pickupProductLine2": "ELDORADO, 1l",
            "priceUnit": "kr/st",
            "priceNoUnit": "37,95",
            "savingsAmount": 0.0,
            "googleAnalyticsCategory": "skafferi|olja-och-vinager|olja",
            "gdprTrackingIncompliant": false,
            "nicotineMedicalProduct": false,
            "tobaccoFreeNicotineProduct": false,
            "nonEkoProduct": false,
            "precautionaryStatements": [],
            "hazards": [],
            "tobaccoProduct": false,
            "showGoodPriceIcon": true,
            "labels": [
                "keyhole"
            ],
            "seoDescription": "",
            "seoTitle": "",
            "manufacturer": "Eldorado",
            "incrementValue": 1.0,
            "productBasketType": {
                "code": "ST",
                "type": "ProductBasketTypeEnum"
            },
            "bargainProduct": false,
            "addToCartMessage": "",
            "thumbnail": {
                "imageType": "PRIMARY",
                "format": "thumbnail",
                "url": "https://assets.axfood.se/image/upload/f_auto,t_100/07311043023219_C1N1_s01",
                "altText": null,
                "galleryIndex": null,
                "width": null
            },
            "outOfStock": false,
            "online": true,
            "displayVolume": "1l",
            "addToCartDisabled": false,
            "name": "Solrosolja",
            "code": "101801439_ST"
        },
        {
            "potentialPromotions": [
                {
                    "threshold": null,
                    "applied": false,
                    "campaignType": "GENERAL",
                    "offerStatus": null,
                    "productCodes": [
                        "101298386_ST"
                    ],
                    "promotionTheme": {
                        "code": "Z019",
                        "visible": null
                    },
                    "textLabelGenerated": "Alltid bra pris!",
                    "textLabelManual": null,
                    "lowestHistoricalPrice": null,
                    "price": {
                        "currencyIso": "SEK",
                        "value": 25.95,
                        "priceType": "BUY",
                        "formattedValue": "25,95 kr",
                        "minQuantity": null,
                        "maxQuantity": null
                    },
                    "promotionType": "MixMatchPricePromotion",
                    "conditionLabel": "",
                    "rewardLabel": "25,95 kr",
                    "textLabel": "Alltid bra pris!",
                    "redeemLimitLabel": "",
                    "cartLabel": null,
                    "validUntil": null,
                    "timesUsed": null,
                    "qualifyingCount": 1,
                    "comparePrice": "25,95 kr",
                    "splashTitleText": "Alltid bra pris",
                    "realMixAndMatch": false,
                    "mainProductCode": "101298386_ST",
                    "conditionLabelFormatted": "",
                    "promotionRedeemLimit": null,
                    "promotionPercentage": null,
                    "cartLabelFormatted": "",
                    "priority": 208,
                    "code": "10009465405"
                },
                {
                    "threshold": null,
                    "applied": false,
                    "campaignType": "GENERAL",
                    "offerStatus": null,
                    "productCodes": [
                        "101298386_ST"
                    ],
                    "promotionTheme": {
                        "code": "Z019",
                        "visible": null
                    },
                    "textLabelGenerated": "Alltid bra pris!",
                    "textLabelManual": null,
                    "lowestHistoricalPrice": null,
                    "price": {
                        "currencyIso": "SEK",
                        "value": 25.95,
                        "priceType": "BUY",
                        "formattedValue": "25,95 kr",
                        "minQuantity": null,
                        "maxQuantity": null
                    },
                    "promotionType": "MixMatchPricePromotion",
                    "conditionLabel": "",
                    "rewardLabel": "25,95 kr",
                    "textLabel": "Alltid bra pris!",
                    "redeemLimitLabel": "",
                    "cartLabel": null,
                    "validUntil": null,
                    "timesUsed": null,
                    "qualifyingCount": 1,
                    "comparePrice": "25,95 kr",
                    "splashTitleText": "Alltid bra pris",
                    "realMixAndMatch": false,
                    "mainProductCode": "101298386_ST",
                    "conditionLabelFormatted": "",
                    "promotionRedeemLimit": null,
                    "promotionPercentage": null,
                    "cartLabelFormatted": "",
                    "priority": 208,
                    "code": "10009465331"
                }
            ],
            "inactivePotentialPromotions": [],
            "priceValue": 25.95,
            "price": "25,95 kr",
            "image": {
                "imageType": "PRIMARY",
                "format": "product",
                "url": "https://assets.axfood.se/image/upload/f_auto,t_200/07340083477089_C1N1_s01",
                "altText": null,
                "galleryIndex": null,
                "width": null
            },
            "ranking": 20.9110896120722,
            "depositPrice": "",
            "averageWeight": null,
            "comparePrice": "25,95 kr",
            "comparePriceUnit": "l",
            "isDrugProduct": false,
            "solrSearchScore": 0.7614262700080872,
            "energyDeclaration": null,
            "newsSplashProduct": false,
            "notAllowedB2b": false,
            "notAllowedAnonymous": false,
            "productLine2": "ELDORADO, 1l",
            "pickupProductLine2": "ELDORADO, 1l",
            "priceUnit": "kr/st",
            "priceNoUnit": "25,95",
            "savingsAmount": 0.0,
            "googleAnalyticsCategory": "skafferi|olja-och-vinager|olja",
            "gdprTrackingIncompliant": false,
            "nicotineMedicalProduct": false,
            "tobaccoFreeNicotineProduct": false,
            "nonEkoProduct": false,
            "precautionaryStatements": [],
            "hazards": [],
            "tobaccoProduct": false,
            "showGoodPriceIcon": true,
            "labels": [
                "keyhole"
            ],
            "seoDescription": "",
            "seoTitle": "",
            "manufacturer": "Eldorado",
            "incrementValue": 1.0,
            "productBasketType": {
                "code": "ST",
                "type": "ProductBasketTypeEnum"
            },
            "bargainProduct": false,
            "addToCartMessage": "",
            "thumbnail": {
                "imageType": "PRIMARY",
                "format": "thumbnail",
                "url": "https://assets.axfood.se/image/upload/f_auto,t_100/07340083477089_C1N1_s01",
                "altText": null,
                "galleryIndex": null,
                "width": null
            },
            "outOfStock": false,
            "online": true,
            "displayVolume": "1l",
            "addToCartDisabled": false,
            "name": "Rapsolja",
            "code": "101298386_ST"
        },
        {
            "potentialPromotions": [
                {
                    "threshold": null,
                    "applied": false,
                    "campaignType": "GENERAL",
                    "offerStatus": null,
                    "productCodes": [
                        "101353781_ST"
                    ],
                    "promotionTheme": {
                        "code": "Z019",
                        "visible": null
                    },
                    "textLabelGenerated": "Alltid bra pris!",
                    "textLabelManual": null,
                    "lowestHistoricalPrice": null,
                    "price": {
                        "currencyIso": "SEK",
                        "value": 17.95,
                        "priceType": "BUY",
                        "formattedValue": "17,95 kr",
                        "minQuantity": null,
                        "maxQuantity": null
                    },
                    "promotionType": "MixMatchPricePromotion",
                    "conditionLabel": "",
                    "rewardLabel": "17,95 kr",
                    "textLabel": "Alltid bra pris!",
                    "redeemLimitLabel": "",
                    "cartLabel": null,
                    "validUntil": null,
                    "timesUsed": null,
                    "qualifyingCount": 1,
                    "comparePrice": "143,60 kr",
                    "splashTitleText": "Alltid bra pris",
                    "realMixAndMatch": false,
                    "mainProductCode": "101353781_ST",
                    "conditionLabelFormatted": "",
                    "promotionRedeemLimit": null,
                    "promotionPercentage": null,
                    "cartLabelFormatted": "",
                    "priority": 208,
                    "code": "10009465404"
                }
            ],
            "inactivePotentialPromotions": [],
            "priceValue": 17.95,
            "price": "17,95 kr",
            "image": {
                "imageType": "PRIMARY",
                "format": "product",
                "url": "https://assets.axfood.se/image/upload/f_auto,t_200/07340083492983_C1N1_s01",
                "altText": null,
                "galleryIndex": null,
                "width": null
            },
            "ranking": 20.9110896087954,
            "depositPrice": "",
            "averageWeight": null,
            "comparePrice": "143,60 kr",
            "comparePriceUnit": "kg",
            "isDrugProduct": false,
            "solrSearchScore": 0.7614262700080872,
            "energyDeclaration": null,
            "newsSplashProduct": false,
            "notAllowedB2b": false,
            "notAllowedAnonymous": false,
            "productLine2": "ELDORADO, 200/125g",
            "pickupProductLine2": "ELDORADO, 200/125g",
            "priceUnit": "kr/st",
            "priceNoUnit": "17,95",
            "savingsAmount": 0.0,
            "googleAnalyticsCategory": "fisk-och-skaldjur|sill-ansjovis-och-sardiner|sill",
            "gdprTrackingIncompliant": false,
            "nicotineMedicalProduct": false,
            "tobaccoFreeNicotineProduct": false,
            "nonEkoProduct": true,
            "precautionaryStatements": [],
            "hazards": [],
            "tobaccoProduct": false,
            "showGoodPriceIcon": true,
            "labels": [],
            "seoDescription": "",
            "seoTitle": "",
            "manufacturer": "Eldorado",
            "incrementValue": 1.0,
            "productBasketType": {
                "code": "ST",
                "type": "ProductBasketTypeEnum"
            },
            "bargainProduct": false,
            "addToCartMessage": "",
            "thumbnail": {
                "imageType": "PRIMARY",
                "format": "thumbnail",
                "url": "https://assets.axfood.se/image/upload/f_auto,t_100/07340083492983_C1N1_s01",
                "altText": null,
                "galleryIndex": null,
                "width": null
            },
            "outOfStock": false,
            "online": true,
            "displayVolume": "200/125g",
            "addToCartDisabled": false,
            "name": "Matjessill Filéer i Bitar",
            "code": "101353781_ST"
        },
        {
            "potentialPromotions": [
                {
                    "threshold": null,
                    "applied": false,
                    "campaignType": "GENERAL",
                    "offerStatus": null,
                    "productCodes": [
                        "101259237_ST"
                    ],
                    "promotionTheme": {
                        "code": "Z019",
                        "visible": null
                    },
                    "textLabelGenerated": "Alltid bra pris!",
                    "textLabelManual": null,
                    "lowestHistoricalPrice": null,
                    "price": {
                        "currencyIso": "SEK",
                        "value": 16.95,
                        "priceType": "BUY",
                        "formattedValue": "16,95 kr",
                        "minQuantity": null,
                        "maxQuantity": null
                    },
                    "promotionType": "MixMatchPricePromotion",
                    "conditionLabel": "",
                    "rewardLabel": "16,95 kr",
                    "textLabel": "Alltid bra pris!",
                    "redeemLimitLabel": "",
                    "cartLabel": null,
                    "validUntil": null,
                    "timesUsed": null,
                    "qualifyingCount": 1,
                    "comparePrice": "67,80 kr",
                    "splashTitleText": "Alltid bra pris",
                    "realMixAndMatch": false,
                    "mainProductCode": "101259237_ST",
                    "conditionLabelFormatted": "",
                    "promotionRedeemLimit": null,
                    "promotionPercentage": null,
                    "cartLabelFormatted": "",
                    "priority": 208,
                    "code": "10009465403"
                }
            ],
            "inactivePotentialPromotions": [],
            "priceValue": 16.95,
            "price": "16,95 kr",
            "image": {
                "imageType": "PRIMARY",
                "format": "product",
                "url": "https://assets.axfood.se/image/upload/f_auto,t_200/07311041081761_C1N1_s04",
                "altText": null,
                "galleryIndex": null,
                "width": null
            },
            "ranking": 20.9110896055186,
            "depositPrice": "",
            "averageWeight": null,
            "comparePrice": "67,80 kr",
            "comparePriceUnit": "kg",
            "isDrugProduct": false,
            "solrSearchScore": 0.7614262700080872,
            "energyDeclaration": null,
            "newsSplashProduct": false,
            "notAllowedB2b": false,
            "notAllowedAnonymous": false,
            "productLine2": "DAZZLEY, 250g",
            "pickupProductLine2": "DAZZLEY, 250g",
            "priceUnit": "kr/st",
            "priceNoUnit": "16,95",
            "savingsAmount": 0.0,
            "googleAnalyticsCategory": "godis-snacks-och-glass|godis|godispasar",
            "gdprTrackingIncompliant": false,
            "nicotineMedicalProduct": false,
            "tobaccoFreeNicotineProduct": false,
            "nonEkoProduct": false,
            "precautionaryStatements": [],
            "hazards": [],
            "tobaccoProduct": false,
            "showGoodPriceIcon": true,
            "labels": [],
            "seoDescription": "",
            "seoTitle": "",
            "manufacturer": "Dazzley",
            "incrementValue": 1.0,
            "productBasketType": {
                "code": "ST",
                "type": "ProductBasketTypeEnum"
            },
            "bargainProduct": false,
            "addToCartMessage": "",
            "thumbnail": {
                "imageType": "PRIMARY",
                "format": "thumbnail",
                "url": "https://assets.axfood.se/image/upload/f_auto,t_100/07311041081761_C1N1_s04",
                "altText": null,
                "galleryIndex": null,
                "width": null
            },
            "outOfStock": false,
            "online": true,
            "displayVolume": "250g",
            "addToCartDisabled": false,
            "name": "Vingummin Klassiska",
            "code": "101259237_ST"
        },
        {
            "potentialPromotions": [
                {
                    "threshold": null,
                    "applied": false,
                    "campaignType": "GENERAL",
                    "offerStatus": null,
                    "productCodes": [
                        "101275525_ST",
                        "101349545_ST",
                        "101424256_ST",
                        "101523768_ST"
                    ],
                    "promotionTheme": {
                        "code": "Z019",
                        "visible": null
                    },
                    "textLabelGenerated": "Alltid bra pris!",
                    "textLabelManual": null,
                    "lowestHistoricalPrice": null,
                    "price": {
                        "currencyIso": "SEK",
                        "value": 29.95,
                        "priceType": "BUY",
                        "formattedValue": "29,95 kr",
                        "minQuantity": null,
                        "maxQuantity": null
                    },
                    "promotionType": "MixMatchPricePromotion",
                    "conditionLabel": "",
                    "rewardLabel": "29,95 kr",
                    "textLabel": "Alltid bra pris!",
                    "redeemLimitLabel": "",
                    "cartLabel": null,
                    "validUntil": null,
                    "timesUsed": null,
                    "qualifyingCount": 1,
                    "comparePrice": "39,93 kr",
                    "splashTitleText": "Alltid bra pris",
                    "realMixAndMatch": false,
                    "mainProductCode": "101275525_ST",
                    "conditionLabelFormatted": "",
                    "promotionRedeemLimit": null,
                    "promotionPercentage": null,
                    "cartLabelFormatted": "",
                    "priority": 208,
                    "code": "10009465402"
                }
            ],
            "inactivePotentialPromotions": [],
            "priceValue": 29.95,
            "price": "29,95 kr",
            "image": {
                "imageType": "PRIMARY",
                "format": "product",
                "url": "https://assets.axfood.se/image/upload/f_auto,t_200/08710449936106_C1N1_s01",
                "altText": null,
                "galleryIndex": null,
                "width": null
            },
            "ranking": 20.911089602241802,
            "depositPrice": "",
            "averageWeight": null,
            "comparePrice": "39,93 kr",
            "comparePriceUnit": "kg",
            "isDrugProduct": false,
            "solrSearchScore": 0.7614262700080872,
            "energyDeclaration": null,
            "newsSplashProduct": false,
            "notAllowedB2b": false,
            "notAllowedAnonymous": false,
            "productLine2": "AVIKO, 750g",
            "pickupProductLine2": "AVIKO, 750g",
            "priceUnit": "kr/st",
            "priceNoUnit": "29,95",
            "savingsAmount": 0.0,
            "googleAnalyticsCategory": "fryst|potatis|pommes-frites-och-stripes",
            "gdprTrackingIncompliant": false,
            "nicotineMedicalProduct": false,
            "tobaccoFreeNicotineProduct": false,
            "nonEkoProduct": false,
            "precautionaryStatements": [],
            "hazards": [],
            "tobaccoProduct": false,
            "showGoodPriceIcon": true,
            "labels": [],
            "seoDescription": "",
            "seoTitle": "",
            "manufacturer": "Aviko",
            "incrementValue": 1.0,
            "productBasketType": {
                "code": "ST",
                "type": "ProductBasketTypeEnum"
            },
            "bargainProduct": false,
            "addToCartMessage": "",
            "thumbnail": {
                "imageType": "PRIMARY",
                "format": "thumbnail",
                "url": "https://assets.axfood.se/image/upload/f_auto,t_100/08710449936106_C1N1_s01",
                "altText": null,
                "galleryIndex": null,
                "width": null
            },
            "outOfStock": false,
            "online": true,
            "displayVolume": "750g",
            "addToCartDisabled": false,
            "name": "Premium Fries Super Crunch Frysta",
            "code": "101275525_ST"
        },
        {
            "potentialPromotions": [
                {
                    "threshold": null,
                    "applied": false,
                    "campaignType": "GENERAL",
                    "offerStatus": null,
                    "productCodes": [
                        "100442692_ST",
                        "100470134_ST",
                        "100470161_ST",
                        "100470250_ST"
                    ],
                    "promotionTheme": {
                        "code": "Z019",
                        "visible": null
                    },
                    "textLabelGenerated": "Alltid bra pris!",
                    "textLabelManual": null,
                    "lowestHistoricalPrice": null,
                    "price": {
                        "currencyIso": "SEK",
                        "value": 26.95,
                        "priceType": "BUY",
                        "formattedValue": "26,95 kr",
                        "minQuantity": null,
                        "maxQuantity": null
                    },
                    "promotionType": "MixMatchPricePromotion",
                    "conditionLabel": "",
                    "rewardLabel": "26,95 kr",
                    "textLabel": "Alltid bra pris!",
                    "redeemLimitLabel": "",
                    "cartLabel": null,
                    "validUntil": null,
                    "timesUsed": null,
                    "qualifyingCount": 1,
                    "comparePrice": "71,87 kr",
                    "splashTitleText": "Alltid bra pris",
                    "realMixAndMatch": false,
                    "mainProductCode": "100442692_ST",
                    "conditionLabelFormatted": "",
                    "promotionRedeemLimit": null,
                    "promotionPercentage": null,
                    "cartLabelFormatted": "",
                    "priority": 208,
                    "code": "10009465401"
                }
            ],
            "inactivePotentialPromotions": [],
            "priceValue": 26.95,
            "price": "26,95 kr",
            "image": {
                "imageType": "PRIMARY",
                "format": "product",
                "url": "https://assets.axfood.se/image/upload/f_auto,t_200/07311170041018_C1N1_s04",
                "altText": null,
                "galleryIndex": null,
                "width": null
            },
            "ranking": 20.911089598965,
            "depositPrice": "",
            "averageWeight": null,
            "comparePrice": "71,87 kr",
            "comparePriceUnit": "kg",
            "isDrugProduct": false,
            "solrSearchScore": 0.7614262700080872,
            "energyDeclaration": null,
            "newsSplashProduct": false,
            "notAllowedB2b": false,
            "notAllowedAnonymous": false,
            "productLine2": "ABBA, 375g",
            "pickupProductLine2": "ABBA, 375g",
            "priceUnit": "kr/st",
            "priceNoUnit": "26,95",
            "savingsAmount": 0.0,
            "googleAnalyticsCategory": "skafferi|konserver-och-burkar|fiskbullar",
            "gdprTrackingIncompliant": false,
            "nicotineMedicalProduct": false,
            "tobaccoFreeNicotineProduct": false,
            "nonEkoProduct": false,
            "precautionaryStatements": [],
            "hazards": [],
            "tobaccoProduct": false,
            "showGoodPriceIcon": true,
            "labels": [
                "msc_fish",
                "keyhole",
                "environmental_facet"
            ],
            "seoDescription": "",
            "seoTitle": "",
            "manufacturer": "Abba",
            "incrementValue": 1.0,
            "productBasketType": {
                "code": "ST",
                "type": "ProductBasketTypeEnum"
            },
            "bargainProduct": false,
            "addToCartMessage": "",
            "thumbnail": {
                "imageType": "PRIMARY",
                "format": "thumbnail",
                "url": "https://assets.axfood.se/image/upload/f_auto,t_100/07311170041018_C1N1_s04",
                "altText": null,
                "galleryIndex": null,
                "width": null
            },
            "outOfStock": false,
            "online": true,
            "displayVolume": "375g",
            "addToCartDisabled": false,
            "name": "Fiskbullar i Buljong",
            "code": "100442692_ST"
        }
    ],
    "sorts": null,
    "pagination": {
        "pageSize": 5000,
        "currentPage": 0,
        "sort": null,
        "numberOfPages": 1,
        "totalNumberOfResults": 404,
        "allProductsInCategoriesCount": 0,
        "allProductsInSearchCount": 0
    },
    "relatedResults": null,
    "relatedResultsPagination": null,
    "currentQuery": null,
    "breadcrumbs": [],
    "facets": [
        {
            "code": "productLabelTypes",
            "name": "productLabelTypes",
            "priority": 0,
            "category": false,
            "multiSelect": true,
            "visible": true,
            "topValues": null,
            "values": [
                {
                    "code": "ECOLOGICAL",
                    "name": "Ekologisk",
                    "count": 32,
                    "query": {
                        "url": "%3AproductLabelTypes%3AECOLOGICAL",
                        "query": {
                            "value": ":productLabelTypes:ECOLOGICAL",
                            "filterQueries": [],
                            "searchQueryContext": null,
                            "searchType": null
                        }
                    },
                    "selected": false
                },
                {
                    "code": "FAIRTRADE_FACET",
                    "name": "Fairtrade",
                    "count": 6,
                    "query": {
                        "url": "%3AproductLabelTypes%3AFAIRTRADE_FACET",
                        "query": {
                            "value": ":productLabelTypes:FAIRTRADE_FACET",
                            "filterQueries": [],
                            "searchQueryContext": null,
                            "searchType": null
                        }
                    },
                    "selected": false
                },
                {
                    "code": "ENVIRONMENTAL_FACET",
                    "name": "Miljömärkt",
                    "count": 49,
                    "query": {
                        "url": "%3AproductLabelTypes%3AENVIRONMENTAL_FACET",
                        "query": {
                            "value": ":productLabelTypes:ENVIRONMENTAL_FACET",
                            "filterQueries": [],
                            "searchQueryContext": null,
                            "searchType": null
                        }
                    },
                    "selected": false
                },
                {
                    "code": "MSC_FISH",
                    "name": "MSC-märkt fisk",
                    "count": 9,
                    "query": {
                        "url": "%3AproductLabelTypes%3AMSC_FISH",
                        "query": {
                            "value": ":productLabelTypes:MSC_FISH",
                            "filterQueries": [],
                            "searchQueryContext": null,
                            "searchType": null
                        }
                    },
                    "selected": false
                },
                {
                    "code": "KEYHOLE",
                    "name": "Nyckelhålet",
                    "count": 70,
                    "query": {
                        "url": "%3AproductLabelTypes%3AKEYHOLE",
                        "query": {
                            "value": ":productLabelTypes:KEYHOLE",
                            "filterQueries": [],
                            "searchQueryContext": null,
                            "searchType": null
                        }
                    },
                    "selected": false
                },
                {
                    "code": "SWEDISH_FLAG",
                    "name": "Svenskt",
                    "count": 39,
                    "query": {
                        "url": "%3AproductLabelTypes%3ASWEDISH_FLAG",
                        "query": {
                            "value": ":productLabelTypes:SWEDISH_FLAG",
                            "filterQueries": [],
                            "searchQueryContext": null,
                            "searchType": null
                        }
                    },
                    "selected": false
                }
            ]
        }
    ],
    "freeTextSearch": null,
    "categoryCode": null,
    "keywordRedirectUrl": null,
    "spellingSuggestion": null,
    "categoryName": null,
    "customSuggestion": null,
    "categoryBreadcrumbs": null,
    "navigationCategories": null,
    "usedQuery": null
}