{
    "results": [
        {
            "potentialPromotions": [
                {
                    "threshold": null,
                    "applied": false,
                    "campaignType": "LOYALTY",
                    "offerStatus": null,
                    "productCodes": [
                        "100178184_ST"
                    ],
                    "promotionTheme": {
                        "code": "Z084",
                        "visible": null
                    },
                    "lowestHistoricalPrice": null,
                    "textLabelGenerated": "Klubbpris",
                    "textLabelManual": null,
                    "price": {
                        "currencyIso": "SEK",
                        "value": 5.0,
                        "priceType": "BUY",
                        "formattedValue": "5,00 kr",
                        "minQuantity": null,
                        "maxQuantity": null
                    },
                    "promotionType": "MixMatchPricePromotion",
                    "conditionLabel": "2 för",
                    "rewardLabel": "10,00",
                    "textLabel": "",
                    "redeemLimitLabel": "Max 5 köp",
                    "cartLabel": null,
                    "validUntil": null,
                    "timesUsed": null,
                    "qualifyingCount": 2,
                    "comparePrice": "27,78 kr",
                    "splashTitleText": "",
                    "realMixAndMatch": false,
                    "mainProductCode": "100178184_ST",
                    "conditionLabelFormatted": "",
                    "promotionRedeemLimit": null,
                    "promotionPercentage": null,
                    "cartLabelFormatted": "",
                    "priority": 608,
                    "code": "2500277937"
                }
            ],
            "inactivePotentialPromotions": [],
            "priceValue": 9.9,
            "price": "9,90 kr",
            "image": {
                "imageType": "PRIMARY",
                "format": "product",
                "url": "https://assets.axfood.se/image/upload/f_auto,t_200/07311042005445_C1C1_s01",
                "altText": null,
                "galleryIndex": null,
                "width": null
            },
            "ranking": 3000.0,
            "depositPrice": "",
            "averageWeight": 0.2,
            "comparePrice": "55,00 kr",
            "comparePriceUnit": "kg",
            "isDrugProduct": false,
            "solrSearchScore": 55188.3515625,
            "energyDeclaration": null,
            "newsSplashProduct": false,
            "notAllowedB2b": false,
            "notAllowedAnonymous": false,
            "productLine2": "170g",
            "pickupProductLine2": "170g",
            "priceUnit": "kr/st",
            "priceNoUnit": "9,90",
            "savingsAmount": 9.8,
            "googleAnalyticsCategory": "",
            "gdprTrackingIncompliant": false,
            "tobaccoProduct": false,
            "showGoodPriceIcon": false,
            "nicotineMedicalProduct": false,
            "tobaccoFreeNicotineProduct": false,
            "nonEkoProduct": false,
            "precautionaryStatements": [],
            "hazards": [],
            "labels": [
                "keyhole"
            ],
            "seoDescription": "",
            "seoTitle": "",
            "manufacturer": null,
            "incrementValue": 1.0,
            "productBasketType": {
                "code": "ST",
                "type": "ProductBasketTypeEnum"
            },
            "bargainProduct": false,
            "addToCartMessage": "",
            "thumbnail": {
                "imageType": "PRIMARY",
                "format": "thumbnail",
                "url": "https://assets.axfood.se/image/upload/f_auto,t_100/07311042005445_C1C1_s01",
                "altText": null,
                "galleryIndex": null,
                "width": null
            },
            "outOfStock": false,
            "online": true,
            "displayVolume": "170g",
            "addToCartDisabled": false,
            "name": "Persimon",
            "code": "100178184_ST"
        },
        {
            "potentialPromotions": [
                {
                    "threshold": null,
                    "applied": false,
                    "campaignType": "LOYALTY",
                    "offerStatus": null,
                    "productCodes": [
                        "101314152_ST"
                    ],
                    "promotionTheme": {
                        "code": "Z084",
                        "visible": null
                    },
                    "lowestHistoricalPrice": null,
                    "textLabelGenerated": "",
                    "textLabelManual": null,
                    "price": {
                        "currencyIso": "SEK",
                        "value": 49.9,
                        "priceType": "BUY",
                        "formattedValue": "49,90 kr",
                        "minQuantity": null,
                        "maxQuantity": null
                    },
                    "promotionType": "MixMatchPricePromotion",
                    "conditionLabel": "Spara 20,00 kr/st",
                    "rewardLabel": "49,90/st",
                    "textLabel": "",
                    "redeemLimitLabel": "Max 3 köp",
                    "cartLabel": null,
                    "validUntil": null,
                    "timesUsed": null,
                    "qualifyingCount": 1,
                    "comparePrice": null,
                    "splashTitleText": "",
                    "realMixAndMatch": false,
                    "mainProductCode": "101314152_ST",
                    "conditionLabelFormatted": "",
                    "promotionRedeemLimit": null,
                    "promotionPercentage": null,
                    "cartLabelFormatted": "",
                    "priority": 608,
                    "code": "2500277938"
                }
            ],
            "inactivePotentialPromotions": [],
            "priceValue": 69.9,
            "price": "69,90 kr",
            "image": {
                "imageType": "PRIMARY",
                "format": "product",
                "url": "https://assets.axfood.se/image/upload/f_auto,t_200/07311042012009_C1N1_s01",
                "altText": null,
                "galleryIndex": null,
                "width": null
            },
            "ranking": 2500.0,
            "depositPrice": "",
            "averageWeight": null,
            "comparePrice": "",
            "comparePriceUnit": "",
            "isDrugProduct": false,
            "solrSearchScore": 45990.29296875,
            "energyDeclaration": null,
            "newsSplashProduct": false,
            "notAllowedB2b": false,
            "notAllowedAnonymous": false,
            "productLine2": "",
            "pickupProductLine2": "",
            "priceUnit": "kr/st",
            "priceNoUnit": "69,90",
            "savingsAmount": 20.0,
            "googleAnalyticsCategory": "",
            "gdprTrackingIncompliant": false,
            "tobaccoProduct": false,
            "showGoodPriceIcon": false,
            "nicotineMedicalProduct": false,
            "tobaccoFreeNicotineProduct": false,
            "nonEkoProduct": false,
            "precautionaryStatements": [],
            "hazards": [],
            "labels": [
                "fairtrade",
                "fairtrade_facet"
            ],
            "seoDescription": "",
            "seoTitle": "",
            "manufacturer": null,
            "incrementValue": 1.0,
            "productBasketType": {
                "code": "ST",
                "type": "ProductBasketTypeEnum"
            },
            "bargainProduct": false,
            "addToCartMessage": "",
            "thumbnail": {
                "imageType": "PRIMARY",
                "format": "thumbnail",
                "url": "https://assets.axfood.se/image/upload/f_auto,t_100/07311042012009_C1N1_s01",
                "altText": null,
                "galleryIndex": null,
                "width": null
            },
            "outOfStock": false,
            "online": true,
            "displayVolume": "",
            "addToCartDisabled": false,
            "name": "Rosor Mix 7-pack 40 Cm",
            "code": "101314152_ST"
        },
        {
            "potentialPromotions": [
                {
                    "threshold": 0.0,
                    "applied": false,
                    "campaignType": "LOYALTY",
                    "offerStatus": null,
                    "productCodes": null,
                    "promotionTheme": {
                        "code": "Z020",
                        "visible": null
                    },
                    "lowestHistoricalPrice": {
                        "currencyIso": "SEK",
                        "value": 199.0,
                        "priceType": "BUY",
                        "formattedValue": "199,00 kr/kg",
                        "minQuantity": null,
                        "maxQuantity": null
                    },
                    "textLabelGenerated": "",
                    "textLabelManual": null,
                    "price": {
                        "currencyIso": "SEK",
                        "value": 99.0,
                        "priceType": "BUY",
                        "formattedValue": "99,00 kr/kg",
                        "minQuantity": null,
                        "maxQuantity": null
                    },
                    "promotionType": "SubtotalOrderPromotion",
                    "conditionLabel": "Spara 100,00 kr/kg",
                    "rewardLabel": "99/kg",
                    "textLabel": "",
                    "redeemLimitLabel": "Max 3 köp",
                    "cartLabel": null,
                    "validUntil": null,
                    "timesUsed": null,
                    "qualifyingCount": null,
                    "comparePrice": "99,00 kr/kg",
                    "splashTitleText": "",
                    "realMixAndMatch": false,
                    "mainProductCode": "101735969_KG",
                    "conditionLabelFormatted": "",
                    "promotionRedeemLimit": null,
                    "promotionPercentage": null,
                    "cartLabelFormatted": "",
                    "priority": 609,
                    "code": "2500275949"
                }
            ],
            "inactivePotentialPromotions": [],
            "priceValue": 199.0,
            "price": "199,00 kr/kg",
            "image": {
                "imageType": "PRIMARY",
                "format": "product",
                "url": "https://assets.axfood.se/image/upload/f_auto,t_200/02388748500005_C1N1_s02",
                "altText": null,
                "galleryIndex": null,
                "width": null
            },
            "ranking": 2000.0,
            "depositPrice": "",
            "averageWeight": 0.8,
            "comparePrice": "199,00 kr",
            "comparePriceUnit": "kg",
            "isDrugProduct": false,
            "solrSearchScore": 36792.234375,
            "energyDeclaration": null,
            "newsSplashProduct": false,
            "notAllowedB2b": false,
            "notAllowedAnonymous": false,
            "productLine2": "COMPASS, ca: 800g",
            "pickupProductLine2": "COMPASS, ca: 800g",
            "priceUnit": "kr/kg",
            "priceNoUnit": "199,00",
            "savingsAmount": 100.0,
            "googleAnalyticsCategory": "",
            "gdprTrackingIncompliant": false,
            "tobaccoProduct": false,
            "showGoodPriceIcon": false,
            "nicotineMedicalProduct": false,
            "tobaccoFreeNicotineProduct": false,
            "nonEkoProduct": true,
            "precautionaryStatements": [],
            "hazards": [],
            "labels": [
                "asc_fish",
                "keyhole",
                "frozen",
                "environmental_facet"
            ],
            "seoDescription": "",
            "seoTitle": "",
            "manufacturer": "Compass",
            "incrementValue": 1.0,
            "productBasketType": {
                "code": "ST",
                "type": "ProductBasketTypeEnum"
            },
            "bargainProduct": true,
            "addToCartMessage": "",
            "thumbnail": {
                "imageType": "PRIMARY",
                "format": "thumbnail",
                "url": "https://assets.axfood.se/image/upload/f_auto,t_100/02388748500005_C1N1_s02",
                "altText": null,
                "galleryIndex": null,
                "width": null
            },
            "outOfStock": false,
            "online": true,
            "displayVolume": "ca: 800g",
            "addToCartDisabled": false,
            "name": "Regnbågslax Dtrim Norsk",
            "code": "101735969_KG"
        },
        {
            "potentialPromotions": [
                {
                    "threshold": null,
                    "applied": false,
                    "campaignType": "LOYALTY",
                    "offerStatus": null,
                    "productCodes": [
                        "100271983_ST"
                    ],
                    "promotionTheme": {
                        "code": "Z020",
                        "visible": null
                    },
                    "lowestHistoricalPrice": null,
                    "textLabelGenerated": "Klubbpris",
                    "textLabelManual": null,
                    "price": {
                        "currencyIso": "SEK",
                        "value": 11.0,
                        "priceType": "BUY",
                        "formattedValue": "11,00 kr",
                        "minQuantity": null,
                        "maxQuantity": null
                    },
                    "promotionType": "MixMatchPricePromotion",
                    "conditionLabel": "2 för",
                    "rewardLabel": "22,00",
                    "textLabel": "",
                    "redeemLimitLabel": "Max 2 köp",
                    "cartLabel": null,
                    "validUntil": null,
                    "timesUsed": null,
                    "qualifyingCount": 2,
                    "comparePrice": "88,00 kr",
                    "splashTitleText": "",
                    "realMixAndMatch": false,
                    "mainProductCode": "100271983_ST",
                    "conditionLabelFormatted": "",
                    "promotionRedeemLimit": null,
                    "promotionPercentage": null,
                    "cartLabelFormatted": "",
                    "priority": 608,
                    "code": "2500272471"
                }
            ],
            "inactivePotentialPromotions": [],
            "priceValue": 19.5,
            "price": "19,50 kr",
            "image": {
                "imageType": "PRIMARY",
                "format": "product",
                "url": "https://assets.axfood.se/image/upload/f_auto,t_200/08000430133035_C1N1_s03",
                "altText": null,
                "galleryIndex": null,
                "width": null
            },
            "ranking": 1500.0,
            "depositPrice": "",
            "averageWeight": null,
            "comparePrice": "156,00 kr",
            "comparePriceUnit": "kg",
            "isDrugProduct": false,
            "solrSearchScore": 27594.17578125,
            "energyDeclaration": null,
            "newsSplashProduct": false,
            "notAllowedB2b": false,
            "notAllowedAnonymous": false,
            "productLine2": "GALBANI, 125g",
            "pickupProductLine2": "GALBANI, 125g",
            "priceUnit": "kr/st",
            "priceNoUnit": "19,50",
            "savingsAmount": 17.0,
            "googleAnalyticsCategory": "",
            "gdprTrackingIncompliant": false,
            "tobaccoProduct": false,
            "showGoodPriceIcon": false,
            "nicotineMedicalProduct": false,
            "tobaccoFreeNicotineProduct": false,
            "nonEkoProduct": false,
            "precautionaryStatements": [],
            "hazards": [],
            "labels": [],
            "seoDescription": "",
            "seoTitle": "",
            "manufacturer": "Galbani",
            "incrementValue": 1.0,
            "productBasketType": {
                "code": "ST",
                "type": "ProductBasketTypeEnum"
            },
            "bargainProduct": false,
            "addToCartMessage": "",
            "thumbnail": {
                "imageType": "PRIMARY",
                "format": "thumbnail",
                "url": "https://assets.axfood.se/image/upload/f_auto,t_100/08000430133035_C1N1_s03",
                "altText": null,
                "galleryIndex": null,
                "width": null
            },
            "outOfStock": false,
            "online": true,
            "displayVolume": "125g",
            "addToCartDisabled": false,
            "name": "Mozzarella",
            "code": "100271983_ST"
        },
        {
            "potentialPromotions": [
                {
                    "threshold": null,
                    "applied": false,
                    "campaignType": "LOYALTY",
                    "offerStatus": null,
                    "productCodes": [
                        "100485002_ST",
                        "100770122_ST",
                        "101225953_ST",
                        "101362861_ST",
                        "101362903_ST",
                        "101219604_ST",
                        "101470123_ST",
                        "101696488_ST"
                    ],
                    "promotionTheme": {
                        "code": "Z020",
                        "visible": null
                    },
                    "lowestHistoricalPrice": null,
                    "textLabelGenerated": "Klubbpris",
                    "textLabelManual": null,
                    "price": {
                        "currencyIso": "SEK",
                        "value": 29.5,
                        "priceType": "BUY",
                        "formattedValue": "29,50 kr",
                        "minQuantity": null,
                        "maxQuantity": null
                    },
                    "promotionType": "MixMatchPricePromotion",
                    "conditionLabel": "Välj & blanda! 2 för",
                    "rewardLabel": "59,00",
                    "textLabel": "",
                    "redeemLimitLabel": "Max 3 köp",
                    "cartLabel": null,
                    "validUntil": null,
                    "timesUsed": null,
                    "qualifyingCount": 2,
                    "comparePrice": "4,92 kr",
                    "splashTitleText": "",
                    "realMixAndMatch": true,
                    "mainProductCode": "100485002_ST",
                    "conditionLabelFormatted": "2 för",
                    "promotionRedeemLimit": null,
                    "promotionPercentage": null,
                    "cartLabelFormatted": "",
                    "priority": 608,
                    "code": "2500269767"
                }
            ],
            "inactivePotentialPromotions": [],
            "priceValue": 49.9,
            "price": "49,90 kr",
            "image": {
                "imageType": "PRIMARY",
                "format": "product",
                "url": "https://assets.axfood.se/image/upload/f_auto,t_200/08722700020868_C1L1_s03",
                "altText": null,
                "galleryIndex": null,
                "width": null
            },
            "ranking": 1000.0,
            "depositPrice": "",
            "averageWeight": null,
            "comparePrice": "8,32 kr",
            "comparePriceUnit": "st",
            "isDrugProduct": false,
            "solrSearchScore": 18396.1171875,
            "energyDeclaration": null,
            "newsSplashProduct": false,
            "notAllowedB2b": false,
            "notAllowedAnonymous": false,
            "productLine2": "GB GLACE, 6p",
            "pickupProductLine2": "GB GLACE, 6p",
            "priceUnit": "kr/st",
            "priceNoUnit": "49,90",
            "savingsAmount": 40.8,
            "googleAnalyticsCategory": "",
            "gdprTrackingIncompliant": false,
            "tobaccoProduct": false,
            "showGoodPriceIcon": false,
            "nicotineMedicalProduct": false,
            "tobaccoFreeNicotineProduct": false,
            "nonEkoProduct": false,
            "precautionaryStatements": [],
            "hazards": [],
            "labels": [
                "frozen"
            ],
            "seoDescription": "",
            "seoTitle": "",
            "manufacturer": "Gb Glace",
            "incrementValue": 1.0,
            "productBasketType": {
                "code": "ST",
                "type": "ProductBasketTypeEnum"
            },
            "bargainProduct": false,
            "addToCartMessage": "",
            "thumbnail": {
                "imageType": "PRIMARY",
                "format": "thumbnail",
                "url": "https://assets.axfood.se/image/upload/f_auto,t_100/08722700020868_C1L1_s03",
                "altText": null,
                "galleryIndex": null,
                "width": null
            },
            "outOfStock": false,
            "online": true,
            "displayVolume": "6p",
            "addToCartDisabled": false,
            "name": "Daimstrut Mini Glasstrutar",
            "code": "100485002_ST"
        },
        {
            "potentialPromotions": [
                {
                    "threshold": 0.0,
                    "applied": false,
                    "campaignType": "LOYALTY",
                    "offerStatus": null,
                    "productCodes": null,
                    "promotionTheme": {
                        "code": "Z060",
                        "visible": null
                    },
                    "lowestHistoricalPrice": {
                        "currencyIso": "SEK",
                        "value": 128.9,
                        "priceType": "BUY",
                        "formattedValue": "128,90 kr/kg",
                        "minQuantity": null,
                        "maxQuantity": null
                    },
                    "textLabelGenerated": "",
                    "textLabelManual": null,
                    "price": {
                        "currencyIso": "SEK",
                        "value": 89.89999999999999,
                        "priceType": "BUY",
                        "formattedValue": "89,90 kr/kg",
                        "minQuantity": null,
                        "maxQuantity": null
                    },
                    "promotionType": "SubtotalOrderPromotion",
                    "conditionLabel": "Spara 39,00 kr/kg",
                    "rewardLabel": "89,90/kg",
                    "textLabel": "",
                    "redeemLimitLabel": "Max 4 köp",
                    "cartLabel": null,
                    "validUntil": null,
                    "timesUsed": null,
                    "qualifyingCount": null,
                    "comparePrice": "89,90 kr/kg",
                    "splashTitleText": "Kampanj",
                    "realMixAndMatch": false,
                    "mainProductCode": "101197478_KG",
                    "conditionLabelFormatted": "",
                    "promotionRedeemLimit": null,
                    "promotionPercentage": null,
                    "cartLabelFormatted": "",
                    "priority": 609,
                    "code": "2500269766"
                }
            ],
            "inactivePotentialPromotions": [],
            "priceValue": 128.9,
            "price": "128,90 kr/kg",
            "image": {
                "imageType": "PRIMARY",
                "format": "product",
                "url": "https://assets.axfood.se/image/upload/f_auto,t_200/02340375300007_C1C1_s04",
                "altText": null,
                "galleryIndex": null,
                "width": null
            },
            "ranking": 320.88044066706,
            "depositPrice": "",
            "averageWeight": 2.2,
            "comparePrice": "128,90 kr",
            "comparePriceUnit": "kg",
            "isDrugProduct": false,
            "solrSearchScore": 1.8396117687225342,
            "energyDeclaration": null,
            "newsSplashProduct": false,
            "notAllowedB2b": false,
            "notAllowedAnonymous": false,
            "productLine2": "ARLA, ca: 2.2kg",
            "pickupProductLine2": "ARLA, ca: 2.2kg",
            "priceUnit": "kr/kg",
            "priceNoUnit": "128,90",
            "savingsAmount": 39.00000000000001,
            "googleAnalyticsCategory": "",
            "gdprTrackingIncompliant": false,
            "tobaccoProduct": false,
            "showGoodPriceIcon": false,
            "nicotineMedicalProduct": false,
            "tobaccoFreeNicotineProduct": false,
            "nonEkoProduct": false,
            "precautionaryStatements": [],
            "hazards": [],
            "labels": [],
            "seoDescription": "",
            "seoTitle": "",
            "manufacturer": "Arla",
            "incrementValue": 1.0,
            "productBasketType": {
                "code": "ST",
                "type": "ProductBasketTypeEnum"
            },
            "bargainProduct": false,
            "addToCartMessage": "",
            "thumbnail": {
                "imageType": "PRIMARY",
                "format": "thumbnail",
                "url": "https://assets.axfood.se/image/upload/f_auto,t_100/02340375300007_C1C1_s04",
                "altText": null,
                "galleryIndex": null,
                "width": null
            },
            "outOfStock": false,
            "online": true,
            "displayVolume": "ca: 2.2kg",
            "addToCartDisabled": false,
            "name": "Hushållsost 26%",
            "code": "101197478_KG"
        },
        {
            "potentialPromotions": [
                {
                    "threshold": 0.0,
                    "applied": false,
                    "campaignType": "LOYALTY",
                    "offerStatus": null,
                    "productCodes": null,
                    "promotionTheme": {
                        "code": "Z060",
                        "visible": null
                    },
                    "lowestHistoricalPrice": {
                        "currencyIso": "SEK",
                        "value": 56.9,
                        "priceType": "BUY",
                        "formattedValue": "56,90 kr/kg",
                        "minQuantity": null,
                        "maxQuantity": null
                    },
                    "textLabelGenerated": "",
                    "textLabelManual": null,
                    "price": {
                        "currencyIso": "SEK",
                        "value": 44.900000000000006,
                        "priceType": "BUY",
                        "formattedValue": "44,90 kr/kg",
                        "minQuantity": null,
                        "maxQuantity": null
                    },
                    "promotionType": "SubtotalOrderPromotion",
                    "conditionLabel": "Spara 12,00 kr/kg",
                    "rewardLabel": "44,90/kg",
                    "textLabel": "",
                    "redeemLimitLabel": "Max 3 köp",
                    "cartLabel": null,
                    "validUntil": null,
                    "timesUsed": null,
                    "qualifyingCount": null,
                    "comparePrice": "44,90 kr/kg",
                    "splashTitleText": "Kampanj",
                    "realMixAndMatch": false,
                    "mainProductCode": "101779192_KG",
                    "conditionLabelFormatted": "",
                    "promotionRedeemLimit": null,
                    "promotionPercentage": null,
                    "cartLabelFormatted": "",
                    "priority": 609,
                    "code": "2500274299"
                }
            ],
            "inactivePotentialPromotions": [],
            "priceValue": 56.9,
            "price": "56,90 kr/kg",
            "image": {
                "imageType": "PRIMARY",
                "format": "product",
                "url": "https://assets.axfood.se/image/upload/f_auto,t_200/02330142100008_C1N1_s01",
                "altText": null,
                "galleryIndex": null,
                "width": null
            },
            "ranking": 320.87043378578,
            "depositPrice": "",
            "averageWeight": 3.2,
            "comparePrice": "56,90 kr",
            "comparePriceUnit": "kg",
            "isDrugProduct": false,
            "solrSearchScore": 1.8396117687225342,
            "energyDeclaration": null,
            "newsSplashProduct": false,
            "notAllowedB2b": false,
            "notAllowedAnonymous": false,
            "productLine2": "DALSJÖFORS, ca: 3.2kg",
            "pickupProductLine2": "DALSJÖFORS, ca: 3.2kg",
            "priceUnit": "kr/kg",
            "priceNoUnit": "56,90",
            "savingsAmount": 11.999999999999995,
            "googleAnalyticsCategory": "",
            "gdprTrackingIncompliant": false,
            "tobaccoProduct": false,
            "showGoodPriceIcon": false,
            "nicotineMedicalProduct": false,
            "tobaccoFreeNicotineProduct": false,
            "nonEkoProduct": false,
            "precautionaryStatements": [],
            "hazards": [],
            "labels": [
                "swedish_flag",
                "meat_from_sweden"
            ],
            "seoDescription": "",
            "seoTitle": "",
            "manufacturer": "Dalsjöfors",
            "incrementValue": 1.0,
            "productBasketType": {
                "code": "ST",
                "type": "ProductBasketTypeEnum"
            },
            "bargainProduct": false,
            "addToCartMessage": "",
            "thumbnail": {
                "imageType": "PRIMARY",
                "format": "thumbnail",
                "url": "https://assets.axfood.se/image/upload/f_auto,t_100/02330142100008_C1N1_s01",
                "altText": null,
                "galleryIndex": null,
                "width": null
            },
            "outOfStock": false,
            "online": true,
            "displayVolume": "ca: 3.2kg",
            "addToCartDisabled": false,
            "name": "Julskinka Fryst Rimmad",
            "code": "101779192_KG"
        },
        {
            "potentialPromotions": [
                {
                    "threshold": null,
                    "applied": false,
                    "campaignType": "LOYALTY",
                    "offerStatus": null,
                    "productCodes": [
                        "101548687_ST",
                        "101548708_ST",
                        "101548709_ST",
                        "101548710_ST",
                        "101332229_ST",
                        "101358836_ST",
                        "101358868_ST",
                        "101693214_ST",
                        "101358869_ST",
                        "101475632_ST"
                    ],
                    "promotionTheme": {
                        "code": "Z060",
                        "visible": null
                    },
                    "lowestHistoricalPrice": null,
                    "textLabelGenerated": "Klubbpris",
                    "textLabelManual": null,
                    "price": {
                        "currencyIso": "SEK",
                        "value": 10.0,
                        "priceType": "BUY",
                        "formattedValue": "10,00 kr",
                        "minQuantity": null,
                        "maxQuantity": null
                    },
                    "promotionType": "MixMatchPricePromotion",
                    "conditionLabel": "Välj & blanda! 2 för",
                    "rewardLabel": "20,00",
                    "textLabel": "",
                    "redeemLimitLabel": "Max 5 köp",
                    "cartLabel": null,
                    "validUntil": null,
                    "timesUsed": null,
                    "qualifyingCount": 2,
                    "comparePrice": "20,00 kr",
                    "splashTitleText": "Kampanj",
                    "realMixAndMatch": true,
                    "mainProductCode": "101548687_ST",
                    "conditionLabelFormatted": "2 för",
                    "promotionRedeemLimit": null,
                    "promotionPercentage": null,
                    "cartLabelFormatted": "",
                    "priority": 608,
                    "code": "2500269760"
                }
            ],
            "inactivePotentialPromotions": [],
            "priceValue": 13.9,
            "price": "13,90 kr",
            "image": {
                "imageType": "PRIMARY",
                "format": "product",
                "url": "https://assets.axfood.se/image/upload/f_auto,t_200/07311043008346_C1N1_s02",
                "altText": null,
                "galleryIndex": null,
                "width": null
            },
            "ranking": 320.8604416501,
            "depositPrice": "",
            "averageWeight": null,
            "comparePrice": "27,80 kr",
            "comparePriceUnit": "kg",
            "isDrugProduct": false,
            "solrSearchScore": 1.8396117687225342,
            "energyDeclaration": null,
            "newsSplashProduct": false,
            "notAllowedB2b": false,
            "notAllowedAnonymous": false,
            "productLine2": "GARANT, 500g",
            "pickupProductLine2": "GARANT, 500g",
            "priceUnit": "kr/st",
            "priceNoUnit": "13,90",
            "savingsAmount": 7.8,
            "googleAnalyticsCategory": "",
            "gdprTrackingIncompliant": false,
            "tobaccoProduct": false,
            "showGoodPriceIcon": false,
            "nicotineMedicalProduct": false,
            "tobaccoFreeNicotineProduct": false,
            "nonEkoProduct": false,
            "precautionaryStatements": [],
            "hazards": [],
            "labels": [],
            "seoDescription": "",
            "seoTitle": "",
            "manufacturer": "Garant",
            "incrementValue": 1.0,
            "productBasketType": {
                "code": "ST",
                "type": "ProductBasketTypeEnum"
            },
            "bargainProduct": false,
            "addToCartMessage": "",
            "thumbnail": {
                "imageType": "PRIMARY",
                "format": "thumbnail",
                "url": "https://assets.axfood.se/image/upload/f_auto,t_100/07311043008346_C1N1_s02",
                "altText": null,
                "galleryIndex": null,
                "width": null
            },
            "outOfStock": false,
            "online": true,
            "displayVolume": "500g",
            "addToCartDisabled": false,
            "name": "Fusilli",
            "code": "101548687_ST"
        },
        {
            "potentialPromotions": [
                {
                    "threshold": null,
                    "applied": false,
                    "campaignType": "LOYALTY",
                    "offerStatus": null,
                    "productCodes": [
                        "101357345_ST"
                    ],
                    "promotionTheme": {
                        "code": "Z060",
                        "visible": null
                    },
                    "lowestHistoricalPrice": {
                        "currencyIso": "SEK",
                        "value": 139.0,
                        "priceType": "BUY",
                        "formattedValue": "139,00 kr",
                        "minQuantity": null,
                        "maxQuantity": null
                    },
                    "textLabelGenerated": "",
                    "textLabelManual": null,
                    "price": {
                        "currencyIso": "SEK",
                        "value": 79.9,
                        "priceType": "BUY",
                        "formattedValue": "79,90 kr",
                        "minQuantity": null,
                        "maxQuantity": null
                    },
                    "promotionType": "MixMatchPricePromotion",
                    "conditionLabel": "Spara 59,10 kr/st",
                    "rewardLabel": "79,90/st",
                    "textLabel": "",
                    "redeemLimitLabel": "Max 3 köp",
                    "cartLabel": null,
                    "validUntil": null,
                    "timesUsed": null,
                    "qualifyingCount": 1,
                    "comparePrice": "106,53 kr",
                    "splashTitleText": "Kampanj",
                    "realMixAndMatch": false,
                    "mainProductCode": "101357345_ST",
                    "conditionLabelFormatted": "",
                    "promotionRedeemLimit": null,
                    "promotionPercentage": null,
                    "cartLabelFormatted": "",
                    "priority": 608,
                    "code": "2500270616"
                }
            ],
            "inactivePotentialPromotions": [],
            "priceValue": 139.0,
            "price": "139,00 kr",
            "image": {
                "imageType": "PRIMARY",
                "format": "product",
                "url": "https://assets.axfood.se/image/upload/f_auto,t_200/08005510000399_C1N1_s03",
                "altText": null,
                "galleryIndex": null,
                "width": null
            },
            "ranking": 320.85044099474,
            "depositPrice": "",
            "averageWeight": null,
            "comparePrice": "185,33 kr",
            "comparePriceUnit": "l",
            "isDrugProduct": false,
            "solrSearchScore": 1.8396117687225342,
            "energyDeclaration": null,
            "newsSplashProduct": false,
            "notAllowedB2b": false,
            "notAllowedAnonymous": false,
            "productLine2": "MONINI, 750ml",
            "pickupProductLine2": "MONINI, 750ml",
            "priceUnit": "kr/st",
            "priceNoUnit": "139,00",
            "savingsAmount": 59.1,
            "googleAnalyticsCategory": "",
            "gdprTrackingIncompliant": false,
            "tobaccoProduct": false,
            "showGoodPriceIcon": false,
            "nicotineMedicalProduct": false,
            "tobaccoFreeNicotineProduct": false,
            "nonEkoProduct": false,
            "precautionaryStatements": [],
            "hazards": [],
            "labels": [],
            "seoDescription": "",
            "seoTitle": "",
            "manufacturer": "Monini",
            "incrementValue": 1.0,
            "productBasketType": {
                "code": "ST",
                "type": "ProductBasketTypeEnum"
            },
            "bargainProduct": false,
            "addToCartMessage": "",
            "thumbnail": {
                "imageType": "PRIMARY",
                "format": "thumbnail",
                "url": "https://assets.axfood.se/image/upload/f_auto,t_100/08005510000399_C1N1_s03",
                "altText": null,
                "galleryIndex": null,
                "width": null
            },
            "outOfStock": false,
            "online": true,
            "displayVolume": "750ml",
            "addToCartDisabled": false,
            "name": "Nettare Olivolja Extra Vergine",
            "code": "101357345_ST"
        },
        {
            "potentialPromotions": [
                {
                    "threshold": null,
                    "applied": false,
                    "campaignType": "LOYALTY",
                    "offerStatus": null,
                    "productCodes": [
                        "101392420_ST"
                    ],
                    "promotionTheme": {
                        "code": "Z060",
                        "visible": null
                    },
                    "lowestHistoricalPrice": {
                        "currencyIso": "SEK",
                        "value": 115.0,
                        "priceType": "BUY",
                        "formattedValue": "115,00 kr",
                        "minQuantity": null,
                        "maxQuantity": null
                    },
                    "textLabelGenerated": "",
                    "textLabelManual": null,
                    "price": {
                        "currencyIso": "SEK",
                        "value": 79.9,
                        "priceType": "BUY",
                        "formattedValue": "79,90 kr",
                        "minQuantity": null,
                        "maxQuantity": null
                    },
                    "promotionType": "MixMatchPricePromotion",
                    "conditionLabel": "Spara 35,10 kr/st",
                    "rewardLabel": "79,90/st  +pant",
                    "textLabel": "",
                    "redeemLimitLabel": "Max 3 köp",
                    "cartLabel": null,
                    "validUntil": null,
                    "timesUsed": null,
                    "qualifyingCount": 1,
                    "comparePrice": "12,10 kr",
                    "splashTitleText": "Kampanj",
                    "realMixAndMatch": false,
                    "mainProductCode": "101392420_ST",
                    "conditionLabelFormatted": "",
                    "promotionRedeemLimit": null,
                    "promotionPercentage": null,
                    "cartLabelFormatted": "",
                    "priority": 608,
                    "code": "2500269712"
                }
            ],
            "inactivePotentialPromotions": [],
            "priceValue": 115.0,
            "price": "115,00 kr",
            "image": {
                "imageType": "PRIMARY",
                "format": "product",
                "url": "https://assets.axfood.se/image/upload/f_auto,t_200/07310074009230_C1L1_s03",
                "altText": null,
                "galleryIndex": null,
                "width": null
            },
            "ranking": 320.84044033938,
            "depositPrice": "20,00 kr",
            "averageWeight": null,
            "comparePrice": "17,42 kr",
            "comparePriceUnit": "l",
            "isDrugProduct": false,
            "solrSearchScore": 1.8396117687225342,
            "energyDeclaration": null,
            "newsSplashProduct": false,
            "notAllowedB2b": false,
            "notAllowedAnonymous": false,
            "productLine2": "PEPSI, 20/33cl",
            "pickupProductLine2": "PEPSI, 20/33cl",
            "priceUnit": "kr/st",
            "priceNoUnit": "115,00",
            "savingsAmount": 35.1,
            "googleAnalyticsCategory": "",
            "gdprTrackingIncompliant": false,
            "tobaccoProduct": false,
            "showGoodPriceIcon": false,
            "nicotineMedicalProduct": false,
            "tobaccoFreeNicotineProduct": false,
            "nonEkoProduct": false,
            "precautionaryStatements": [],
            "hazards": [],
            "labels": [],
            "seoDescription": "",
            "seoTitle": "",
            "manufacturer": "Pepsi",
            "incrementValue": 1.0,
            "productBasketType": {
                "code": "ST",
                "type": "ProductBasketTypeEnum"
            },
            "bargainProduct": false,
            "addToCartMessage": "",
            "thumbnail": {
                "imageType": "PRIMARY",
                "format": "thumbnail",
                "url": "https://assets.axfood.se/image/upload/f_auto,t_100/07310074009230_C1L1_s03",
                "altText": null,
                "galleryIndex": null,
                "width": null
            },
            "outOfStock": false,
            "online": true,
            "displayVolume": "20/33cl",
            "addToCartDisabled": false,
            "name": "Pepsi Max Läsk Burk",
            "code": "101392420_ST"
        },
        {
            "potentialPromotions": [
                {
                    "threshold": null,
                    "applied": false,
                    "campaignType": "GENERAL",
                    "offerStatus": null,
                    "productCodes": [
                        "101774827_ST"
                    ],
                    "promotionTheme": {
                        "code": "Z060",
                        "visible": null
                    },
                    "lowestHistoricalPrice": {
                        "currencyIso": "SEK",
                        "value": 59.9,
                        "priceType": "BUY",
                        "formattedValue": "59,90 kr",
                        "minQuantity": null,
                        "maxQuantity": null
                    },
                    "textLabelGenerated": "",
                    "textLabelManual": null,
                    "price": {
                        "currencyIso": "SEK",
                        "value": 59.9,
                        "priceType": "BUY",
                        "formattedValue": "59,90 kr",
                        "minQuantity": null,
                        "maxQuantity": null
                    },
                    "promotionType": "MixMatchPricePromotion",
                    "conditionLabel": "",
                    "rewardLabel": "59,90/st",
                    "textLabel": "",
                    "redeemLimitLabel": "Max 5 köp",
                    "cartLabel": null,
                    "validUntil": null,
                    "timesUsed": null,
                    "qualifyingCount": 1,
                    "comparePrice": "149,75 kr",
                    "splashTitleText": "Kampanj",
                    "realMixAndMatch": false,
                    "mainProductCode": "101774827_ST",
                    "conditionLabelFormatted": "",
                    "promotionRedeemLimit": null,
                    "promotionPercentage": null,
                    "cartLabelFormatted": "",
                    "priority": 408,
                    "code": "2500270617"
                }
            ],
            "inactivePotentialPromotions": [],
            "priceValue": 59.9,
            "price": "59,90 kr",
            "image": {
                "imageType": "PRIMARY",
                "format": "product",
                "url": "https://assets.axfood.se/image/upload/f_auto,t_200/07393369254256_C1L1_s01",
                "altText": null,
                "galleryIndex": null,
                "width": null
            },
            "ranking": 320.83042100626,
            "depositPrice": "",
            "averageWeight": null,
            "comparePrice": "149,75 kr",
            "comparePriceUnit": "kg",
            "isDrugProduct": false,
            "solrSearchScore": 0.6426547169685364,
            "energyDeclaration": null,
            "newsSplashProduct": false,
            "notAllowedB2b": false,
            "notAllowedAnonymous": false,
            "productLine2": "POLAR SEAFOOD, 400 g",
            "pickupProductLine2": "POLAR SEAFOOD, 400 g",
            "priceUnit": "kr/st",
            "priceNoUnit": "59,90",
            "savingsAmount": 0.0,
            "googleAnalyticsCategory": "",
            "gdprTrackingIncompliant": false,
            "tobaccoProduct": false,
            "showGoodPriceIcon": false,
            "nicotineMedicalProduct": false,
            "tobaccoFreeNicotineProduct": false,
            "nonEkoProduct": true,
            "precautionaryStatements": [],
            "hazards": [],
            "labels": [
                "msc_fish",
                "frozen",
                "environmental_facet"
            ],
            "seoDescription": "",
            "seoTitle": "",
            "manufacturer": "Polar Seafood",
            "incrementValue": 1.0,
            "productBasketType": {
                "code": "ST",
                "type": "ProductBasketTypeEnum"
            },
            "bargainProduct": true,
            "addToCartMessage": "",
            "thumbnail": {
                "imageType": "PRIMARY",
                "format": "thumbnail",
                "url": "https://assets.axfood.se/image/upload/f_auto,t_100/07393369254256_C1L1_s01",
                "altText": null,
                "galleryIndex": null,
                "width": null
            },
            "outOfStock": false,
            "online": true,
            "displayVolume": "400 g",
            "addToCartDisabled": false,
            "name": "Torskfile Msc",
            "code": "101774827_ST"
        },
        {
            "potentialPromotions": [
                {
                    "threshold": 0.0,
                    "applied": false,
                    "campaignType": "GENERAL",
                    "offerStatus": null,
                    "productCodes": null,
                    "promotionTheme": {
                        "code": "Z084",
                        "visible": null
                    },
                    "lowestHistoricalPrice": null,
                    "textLabelGenerated": "",
                    "textLabelManual": null,
                    "price": {
                        "currencyIso": "SEK",
                        "value": 14.9,
                        "priceType": "BUY",
                        "formattedValue": "14,90 kr/kg",
                        "minQuantity": null,
                        "maxQuantity": null
                    },
                    "promotionType": "SubtotalOrderPromotion",
                    "conditionLabel": "Spara 5,00 kr/kg",
                    "rewardLabel": "14,90/kg",
                    "textLabel": "",
                    "redeemLimitLabel": "Max 3 köp",
                    "cartLabel": null,
                    "validUntil": null,
                    "timesUsed": null,
                    "qualifyingCount": null,
                    "comparePrice": "14,90 kr/kg",
                    "splashTitleText": "",
                    "realMixAndMatch": false,
                    "mainProductCode": "100254920_KG",
                    "conditionLabelFormatted": "",
                    "promotionRedeemLimit": null,
                    "promotionPercentage": null,
                    "cartLabelFormatted": "",
                    "priority": 409,
                    "code": "2500277952"
                }
            ],
            "inactivePotentialPromotions": [],
            "priceValue": 19.9,
            "price": "19,90 kr/kg",
            "image": {
                "imageType": "PRIMARY",
                "format": "product",
                "url": "https://assets.axfood.se/image/upload/f_auto,t_200/07311042002499_C1N1_s01",
                "altText": null,
                "galleryIndex": null,
                "width": null
            },
            "ranking": 320.82045574034,
            "depositPrice": "",
            "averageWeight": 0.18,
            "comparePrice": "19,90 kr",
            "comparePriceUnit": "kg",
            "isDrugProduct": false,
            "solrSearchScore": 0.6426547169685364,
            "energyDeclaration": null,
            "newsSplashProduct": false,
            "notAllowedB2b": false,
            "notAllowedAnonymous": false,
            "productLine2": "ca: 180g",
            "pickupProductLine2": "ca: 180g",
            "priceUnit": "kr/kg",
            "priceNoUnit": "19,90",
            "savingsAmount": 5.0,
            "googleAnalyticsCategory": "",
            "gdprTrackingIncompliant": false,
            "tobaccoProduct": false,
            "showGoodPriceIcon": false,
            "nicotineMedicalProduct": false,
            "tobaccoFreeNicotineProduct": false,
            "nonEkoProduct": false,
            "precautionaryStatements": [],
            "hazards": [],
            "labels": [
                "rainforest_alliance",
                "keyhole",
                "environmental_facet"
            ],
            "seoDescription": "",
            "seoTitle": "",
            "manufacturer": null,
            "incrementValue": 1.0,
            "productBasketType": {
                "code": "ST",
                "type": "ProductBasketTypeEnum"
            },
            "bargainProduct": false,
            "addToCartMessage": "",
            "thumbnail": {
                "imageType": "PRIMARY",
                "format": "thumbnail",
                "url": "https://assets.axfood.se/image/upload/f_auto,t_100/07311042002499_C1N1_s01",
                "altText": null,
                "galleryIndex": null,
                "width": null
            },
            "outOfStock": false,
            "online": true,
            "displayVolume": "ca: 180g",
            "addToCartDisabled": false,
            "name": "Banan Klass 1",
            "code": "100254920_KG"
        },
        {
            "potentialPromotions": [
                {
                    "threshold": null,
                    "applied": false,
                    "campaignType": "GENERAL",
                    "offerStatus": null,
                    "productCodes": [
                        "101273702_ST",
                        "101273579_ST",
                        "101273506_ST"
                    ],
                    "promotionTheme": {
                        "code": "Z001",
                        "visible": null
                    },
                    "lowestHistoricalPrice": {
                        "currencyIso": "SEK",
                        "value": 36.9,
                        "priceType": "BUY",
                        "formattedValue": "36,90 kr",
                        "minQuantity": null,
                        "maxQuantity": null
                    },
                    "textLabelGenerated": "",
                    "textLabelManual": null,
                    "price": {
                        "currencyIso": "SEK",
                        "value": 29.9,
                        "priceType": "BUY",
                        "formattedValue": "29,90 kr",
                        "minQuantity": null,
                        "maxQuantity": null
                    },
                    "promotionType": "MixMatchPricePromotion",
                    "conditionLabel": "Spara 7,00 kr/st",
                    "rewardLabel": "29,90/st",
                    "textLabel": "",
                    "redeemLimitLabel": "",
                    "cartLabel": null,
                    "validUntil": null,
                    "timesUsed": null,
                    "qualifyingCount": 1,
                    "comparePrice": "29,90 kr",
                    "splashTitleText": "Kampanj",
                    "realMixAndMatch": false,
                    "mainProductCode": "101273702_ST",
                    "conditionLabelFormatted": "",
                    "promotionRedeemLimit": null,
                    "promotionPercentage": null,
                    "cartLabelFormatted": "",
                    "priority": 408,
                    "code": "2500269823"
                }
            ],
            "inactivePotentialPromotions": [],
            "priceValue": 36.9,
            "price": "36,90 kr",
            "image": {
                "imageType": "PRIMARY",
                "format": "product",
                "url": "https://assets.axfood.se/image/upload/f_auto,t_200/07340083462207_C1N1_s01",
                "altText": null,
                "galleryIndex": null,
                "width": null
            },
            "ranking": 320.81042264466,
            "depositPrice": "",
            "averageWeight": null,
            "comparePrice": "36,90 kr",
            "comparePriceUnit": "kg",
            "isDrugProduct": false,
            "solrSearchScore": 0.6426547169685364,
            "energyDeclaration": null,
            "newsSplashProduct": false,
            "notAllowedB2b": false,
            "notAllowedAnonymous": false,
            "productLine2": "GARANT, 1kg",
            "pickupProductLine2": "GARANT, 1kg",
            "priceUnit": "kr/st",
            "priceNoUnit": "36,90",
            "savingsAmount": 7.0,
            "googleAnalyticsCategory": "",
            "gdprTrackingIncompliant": false,
            "tobaccoProduct": false,
            "showGoodPriceIcon": false,
            "nicotineMedicalProduct": false,
            "tobaccoFreeNicotineProduct": false,
            "nonEkoProduct": false,
            "precautionaryStatements": [],
            "hazards": [],
            "labels": [
                "swedish_flag",
                "swedish_bird",
                "frozen"
            ],
            "seoDescription": "",
            "seoTitle": "",
            "manufacturer": "Garant",
            "incrementValue": 1.0,
            "productBasketType": {
                "code": "ST",
                "type": "ProductBasketTypeEnum"
            },
            "bargainProduct": false,
            "addToCartMessage": "",
            "thumbnail": {
                "imageType": "PRIMARY",
                "format": "thumbnail",
                "url": "https://assets.axfood.se/image/upload/f_auto,t_100/07340083462207_C1N1_s01",
                "altText": null,
                "galleryIndex": null,
                "width": null
            },
            "outOfStock": false,
            "online": true,
            "displayVolume": "1kg",
            "addToCartDisabled": false,
            "name": "Kyckling Ben Frysta",
            "code": "101273702_ST"
        },
        {
            "potentialPromotions": [
                {
                    "threshold": null,
                    "applied": false,
                    "campaignType": "LOYALTY",
                    "offerStatus": null,
                    "productCodes": [
                        "101195358_ST"
                    ],
                    "promotionTheme": {
                        "code": "Z020",
                        "visible": null
                    },
                    "lowestHistoricalPrice": {
                        "currencyIso": "SEK",
                        "value": 29.9,
                        "priceType": "BUY",
                        "formattedValue": "29,90 kr",
                        "minQuantity": null,
                        "maxQuantity": null
                    },
                    "textLabelGenerated": "",
                    "textLabelManual": null,
                    "price": {
                        "currencyIso": "SEK",
                        "value": 19.9,
                        "priceType": "BUY",
                        "formattedValue": "19,90 kr",
                        "minQuantity": null,
                        "maxQuantity": null
                    },
                    "promotionType": "MixMatchPricePromotion",
                    "conditionLabel": "Spara 10,00 kr/st",
                    "rewardLabel": "19,90/st",
                    "textLabel": "",
                    "redeemLimitLabel": "Max 5 köp",
                    "cartLabel": null,
                    "validUntil": null,
                    "timesUsed": null,
                    "qualifyingCount": 1,
                    "comparePrice": "49,75 kr",
                    "splashTitleText": "",
                    "realMixAndMatch": false,
                    "mainProductCode": "101195358_ST",
                    "conditionLabelFormatted": "",
                    "promotionRedeemLimit": null,
                    "promotionPercentage": null,
                    "cartLabelFormatted": "",
                    "priority": 608,
                    "code": "2500269787"
                }
            ],
            "inactivePotentialPromotions": [],
            "priceValue": 29.9,
            "price": "29,90 kr",
            "image": {
                "imageType": "PRIMARY",
                "format": "product",
                "url": "https://assets.axfood.se/image/upload/f_auto,t_200/08850521111127_C1N1_s02",
                "altText": null,
                "galleryIndex": null,
                "width": null
            },
            "ranking": 320.80044230546,
            "depositPrice": "",
            "averageWeight": null,
            "comparePrice": "74,75 kr",
            "comparePriceUnit": "kg",
            "isDrugProduct": false,
            "solrSearchScore": 1.8396117687225342,
            "energyDeclaration": null,
            "newsSplashProduct": false,
            "notAllowedB2b": false,
            "notAllowedAnonymous": false,
            "productLine2": "FARMER BRAND, 400g",
            "pickupProductLine2": "FARMER BRAND, 400g",
            "priceUnit": "kr/st",
            "priceNoUnit": "29,90",
            "savingsAmount": 10.0,
            "googleAnalyticsCategory": "",
            "gdprTrackingIncompliant": false,
            "tobaccoProduct": false,
            "showGoodPriceIcon": false,
            "nicotineMedicalProduct": false,
            "tobaccoFreeNicotineProduct": false,
            "nonEkoProduct": false,
            "precautionaryStatements": [],
            "hazards": [],
            "labels": [],
            "seoDescription": "",
            "seoTitle": "",
            "manufacturer": "Farmer Brand",
            "incrementValue": 1.0,
            "productBasketType": {
                "code": "ST",
                "type": "ProductBasketTypeEnum"
            },
            "bargainProduct": false,
            "addToCartMessage": "",
            "thumbnail": {
                "imageType": "PRIMARY",
                "format": "thumbnail",
                "url": "https://assets.axfood.se/image/upload/f_auto,t_100/08850521111127_C1N1_s02",
                "altText": null,
                "galleryIndex": null,
                "width": null
            },
            "outOfStock": false,
            "online": true,
            "displayVolume": "400g",
            "addToCartDisabled": false,
            "name": "Risnudlar",
            "code": "101195358_ST"
        },
        {
            "potentialPromotions": [
                {
                    "threshold": null,
                    "applied": false,
                    "campaignType": "GENERAL",
                    "offerStatus": null,
                    "productCodes": [
                        "101716021_ST"
                    ],
                    "promotionTheme": {
                        "code": "Z001",
                        "visible": null
                    },
                    "lowestHistoricalPrice": {
                        "currencyIso": "SEK",
                        "value": 16.9,
                        "priceType": "BUY",
                        "formattedValue": "16,90 kr",
                        "minQuantity": null,
                        "maxQuantity": null
                    },
                    "textLabelGenerated": "",
                    "textLabelManual": null,
                    "price": {
                        "currencyIso": "SEK",
                        "value": 12.8,
                        "priceType": "BUY",
                        "formattedValue": "12,80 kr",
                        "minQuantity": null,
                        "maxQuantity": null
                    },
                    "promotionType": "MixMatchPricePromotion",
                    "conditionLabel": "Spara 4,10 kr/st",
                    "rewardLabel": "12,80/st",
                    "textLabel": "",
                    "redeemLimitLabel": "",
                    "cartLabel": null,
                    "validUntil": null,
                    "timesUsed": null,
                    "qualifyingCount": 1,
                    "comparePrice": "64,00 kr",
                    "splashTitleText": "Kampanj",
                    "realMixAndMatch": false,
                    "mainProductCode": "101716021_ST",
                    "conditionLabelFormatted": "",
                    "promotionRedeemLimit": null,
                    "promotionPercentage": null,
                    "cartLabelFormatted": "",
                    "priority": 408,
                    "code": "2500269764"
                }
            ],
            "inactivePotentialPromotions": [],
            "priceValue": 16.9,
            "price": "16,90 kr",
            "image": {
                "imageType": "PRIMARY",
                "format": "product",
                "url": "https://assets.axfood.se/image/upload/f_auto,t_200/07311043018710_C1N1_s01",
                "altText": null,
                "galleryIndex": null,
                "width": null
            },
            "ranking": 320.79042624914,
            "depositPrice": "",
            "averageWeight": null,
            "comparePrice": "84,50 kr",
            "comparePriceUnit": "kg",
            "isDrugProduct": false,
            "solrSearchScore": 0.6426547169685364,
            "energyDeclaration": null,
            "newsSplashProduct": false,
            "notAllowedB2b": false,
            "notAllowedAnonymous": false,
            "productLine2": "GARANT, 200g",
            "pickupProductLine2": "GARANT, 200g",
            "priceUnit": "kr/st",
            "priceNoUnit": "16,90",
            "savingsAmount": 4.1,
            "googleAnalyticsCategory": "",
            "gdprTrackingIncompliant": false,
            "tobaccoProduct": false,
            "showGoodPriceIcon": false,
            "nicotineMedicalProduct": false,
            "tobaccoFreeNicotineProduct": false,
            "nonEkoProduct": false,
            "precautionaryStatements": [],
            "hazards": [],
            "labels": [],
            "seoDescription": "",
            "seoTitle": "",
            "manufacturer": "Garant",
            "incrementValue": 1.0,
            "productBasketType": {
                "code": "ST",
                "type": "ProductBasketTypeEnum"
            },
            "bargainProduct": false,
            "addToCartMessage": "",
            "thumbnail": {
                "imageType": "PRIMARY",
                "format": "thumbnail",
                "url": "https://assets.axfood.se/image/upload/f_auto,t_100/07311043018710_C1N1_s01",
                "altText": null,
                "galleryIndex": null,
                "width": null
            },
            "outOfStock": false,
            "online": true,
            "displayVolume": "200g",
            "addToCartDisabled": false,
            "name": "Panko",
            "code": "101716021_ST"
        },
        {
            "potentialPromotions": [
                {
                    "threshold": null,
                    "applied": false,
                    "campaignType": "GENERAL",
                    "offerStatus": null,
                    "productCodes": [
                        "101414721_ST"
                    ],
                    "promotionTheme": {
                        "code": "Z001",
                        "visible": null
                    },
                    "lowestHistoricalPrice": {
                        "currencyIso": "SEK",
                        "value": 49.9,
                        "priceType": "BUY",
                        "formattedValue": "49,90 kr",
                        "minQuantity": null,
                        "maxQuantity": null
                    },
                    "textLabelGenerated": "",
                    "textLabelManual": null,
                    "price": {
                        "currencyIso": "SEK",
                        "value": 44.9,
                        "priceType": "BUY",
                        "formattedValue": "44,90 kr",
                        "minQuantity": null,
                        "maxQuantity": null
                    },
                    "promotionType": "MixMatchPricePromotion",
                    "conditionLabel": "Spara 5,00 kr/st",
                    "rewardLabel": "44,90/st",
                    "textLabel": "",
                    "redeemLimitLabel": "",
                    "cartLabel": null,
                    "validUntil": null,
                    "timesUsed": null,
                    "qualifyingCount": 1,
                    "comparePrice": "213,81 kr",
                    "splashTitleText": "Kampanj",
                    "realMixAndMatch": false,
                    "mainProductCode": "101414721_ST",
                    "conditionLabelFormatted": "",
                    "promotionRedeemLimit": null,
                    "promotionPercentage": null,
                    "cartLabelFormatted": "",
                    "priority": 408,
                    "code": "2500269751"
                }
            ],
            "inactivePotentialPromotions": [],
            "priceValue": 49.9,
            "price": "49,90 kr",
            "image": {
                "imageType": "PRIMARY",
                "format": "product",
                "url": "https://assets.axfood.se/image/upload/f_auto,t_200/06921804720304_C1N1_s02",
                "altText": null,
                "galleryIndex": null,
                "width": null
            },
            "ranking": 320.78042788754,
            "depositPrice": "",
            "averageWeight": null,
            "comparePrice": "237,62 kr",
            "comparePriceUnit": "kg",
            "isDrugProduct": false,
            "solrSearchScore": 0.6426547169685364,
            "energyDeclaration": null,
            "newsSplashProduct": false,
            "notAllowedB2b": false,
            "notAllowedAnonymous": false,
            "productLine2": "LAOGANMA, 210g",
            "pickupProductLine2": "LAOGANMA, 210g",
            "priceUnit": "kr/st",
            "priceNoUnit": "49,90",
            "savingsAmount": 5.0,
            "googleAnalyticsCategory": "",
            "gdprTrackingIncompliant": false,
            "tobaccoProduct": false,
            "showGoodPriceIcon": false,
            "nicotineMedicalProduct": false,
            "tobaccoFreeNicotineProduct": false,
            "nonEkoProduct": false,
            "precautionaryStatements": [],
            "hazards": [],
            "labels": [],
            "seoDescription": "",
            "seoTitle": "",
            "manufacturer": "Laoganma",
            "incrementValue": 1.0,
            "productBasketType": {
                "code": "ST",
                "type": "ProductBasketTypeEnum"
            },
            "bargainProduct": false,
            "addToCartMessage": "",
            "thumbnail": {
                "imageType": "PRIMARY",
                "format": "thumbnail",
                "url": "https://assets.axfood.se/image/upload/f_auto,t_100/06921804720304_C1N1_s02",
                "altText": null,
                "galleryIndex": null,
                "width": null
            },
            "outOfStock": false,
            "online": true,
            "displayVolume": "210g",
            "addToCartDisabled": false,
            "name": "Crispy Chili In Oil",
            "code": "101414721_ST"
        },
        {
            "potentialPromotions": [
                {
                    "threshold": null,
                    "applied": false,
                    "campaignType": "GENERAL",
                    "offerStatus": null,
                    "productCodes": [
                        "101464285_ST"
                    ],
                    "promotionTheme": {
                        "code": "Z001",
                        "visible": null
                    },
                    "lowestHistoricalPrice": {
                        "currencyIso": "SEK",
                        "value": 26.9,
                        "priceType": "BUY",
                        "formattedValue": "26,90 kr",
                        "minQuantity": null,
                        "maxQuantity": null
                    },
                    "textLabelGenerated": "",
                    "textLabelManual": null,
                    "price": {
                        "currencyIso": "SEK",
                        "value": 22.9,
                        "priceType": "BUY",
                        "formattedValue": "22,90 kr",
                        "minQuantity": null,
                        "maxQuantity": null
                    },
                    "promotionType": "MixMatchPricePromotion",
                    "conditionLabel": "Spara 4,00 kr/st",
                    "rewardLabel": "22,90/st",
                    "textLabel": "",
                    "redeemLimitLabel": "",
                    "cartLabel": null,
                    "validUntil": null,
                    "timesUsed": null,
                    "qualifyingCount": 1,
                    "comparePrice": "67,35 kr",
                    "splashTitleText": "Kampanj",
                    "realMixAndMatch": false,
                    "mainProductCode": "101464285_ST",
                    "conditionLabelFormatted": "",
                    "promotionRedeemLimit": null,
                    "promotionPercentage": null,
                    "cartLabelFormatted": "",
                    "priority": 408,
                    "code": "2500269752"
                }
            ],
            "inactivePotentialPromotions": [],
            "priceValue": 26.9,
            "price": "26,90 kr",
            "image": {
                "imageType": "PRIMARY",
                "format": "product",
                "url": "https://assets.axfood.se/image/upload/f_auto,t_200/07350116921465_C1N1_s01",
                "altText": null,
                "galleryIndex": null,
                "width": null
            },
            "ranking": 320.77042755986,
            "depositPrice": "",
            "averageWeight": null,
            "comparePrice": "79,12 kr",
            "comparePriceUnit": "kg",
            "isDrugProduct": false,
            "solrSearchScore": 0.6426547169685364,
            "energyDeclaration": null,
            "newsSplashProduct": false,
            "notAllowedB2b": false,
            "notAllowedAnonymous": false,
            "productLine2": "TWIN DRAGON, 340g",
            "pickupProductLine2": "TWIN DRAGON, 340g",
            "priceUnit": "kr/st",
            "priceNoUnit": "26,90",
            "savingsAmount": 4.0,
            "googleAnalyticsCategory": "",
            "gdprTrackingIncompliant": false,
            "tobaccoProduct": false,
            "showGoodPriceIcon": false,
            "nicotineMedicalProduct": false,
            "tobaccoFreeNicotineProduct": false,
            "nonEkoProduct": false,
            "precautionaryStatements": [],
            "hazards": [],
            "labels": [
                "glutenfree"
            ],
            "seoDescription": "",
            "seoTitle": "",
            "manufacturer": "Twin Dragon",
            "incrementValue": 1.0,
            "productBasketType": {
                "code": "ST",
                "type": "ProductBasketTypeEnum"
            },
            "bargainProduct": false,
            "addToCartMessage": "",
            "thumbnail": {
                "imageType": "PRIMARY",
                "format": "thumbnail",
                "url": "https://assets.axfood.se/image/upload/f_auto,t_100/07350116921465_C1N1_s01",
                "altText": null,
                "galleryIndex": null,
                "width": null
            },
            "outOfStock": false,
            "online": true,
            "displayVolume": "340g",
            "addToCartDisabled": false,
            "name": "Rice Papper 22 Cm",
            "code": "101464285_ST"
        },
        {
            "potentialPromotions": [
                {
                    "threshold": null,
                    "applied": false,
                    "campaignType": "GENERAL",
                    "offerStatus": null,
                    "productCodes": [
                        "101498814_ST"
                    ],
                    "promotionTheme": {
                        "code": "Z001",
                        "visible": null
                    },
                    "lowestHistoricalPrice": null,
                    "textLabelGenerated": "",
                    "textLabelManual": null,
                    "price": {
                        "currencyIso": "SEK",
                        "value": 9.0,
                        "priceType": "BUY",
                        "formattedValue": "9,00 kr",
                        "minQuantity": null,
                        "maxQuantity": null
                    },
                    "promotionType": "MixMatchPricePromotion",
                    "conditionLabel": "2 för",
                    "rewardLabel": "18,00",
                    "textLabel": "",
                    "redeemLimitLabel": "",
                    "cartLabel": null,
                    "validUntil": null,
                    "timesUsed": null,
                    "qualifyingCount": 2,
                    "comparePrice": "36,00 kr",
                    "splashTitleText": "Kampanj",
                    "realMixAndMatch": false,
                    "mainProductCode": "101498814_ST",
                    "conditionLabelFormatted": "",
                    "promotionRedeemLimit": null,
                    "promotionPercentage": null,
                    "cartLabelFormatted": "",
                    "priority": 408,
                    "code": "2500269798"
                }
            ],
            "inactivePotentialPromotions": [],
            "priceValue": 9.9,
            "price": "9,90 kr",
            "image": {
                "imageType": "PRIMARY",
                "format": "product",
                "url": "https://assets.axfood.se/image/upload/f_auto,t_200/07611612121224_C1N1_s01",
                "altText": null,
                "galleryIndex": null,
                "width": null
            },
            "ranking": 320.76042493842,
            "depositPrice": "",
            "averageWeight": null,
            "comparePrice": "39,60 kr",
            "comparePriceUnit": "kg",
            "isDrugProduct": false,
            "solrSearchScore": 0.6426547169685364,
            "energyDeclaration": null,
            "newsSplashProduct": false,
            "notAllowedB2b": false,
            "notAllowedAnonymous": false,
            "productLine2": "SPICEFIELD, 250g",
            "pickupProductLine2": "SPICEFIELD, 250g",
            "priceUnit": "kr/st",
            "priceNoUnit": "9,90",
            "savingsAmount": 1.8,
            "googleAnalyticsCategory": "",
            "gdprTrackingIncompliant": false,
            "tobaccoProduct": false,
            "showGoodPriceIcon": false,
            "nicotineMedicalProduct": false,
            "tobaccoFreeNicotineProduct": false,
            "nonEkoProduct": false,
            "precautionaryStatements": [],
            "hazards": [],
            "labels": [],
            "seoDescription": "",
            "seoTitle": "",
            "manufacturer": "Spicefield",
            "incrementValue": 1.0,
            "productBasketType": {
                "code": "ST",
                "type": "ProductBasketTypeEnum"
            },
            "bargainProduct": false,
            "addToCartMessage": "",
            "thumbnail": {
                "imageType": "PRIMARY",
                "format": "thumbnail",
                "url": "https://assets.axfood.se/image/upload/f_auto,t_100/07611612121224_C1N1_s01",
                "altText": null,
                "galleryIndex": null,
                "width": null
            },
            "outOfStock": false,
            "online": true,
            "displayVolume": "250g",
            "addToCartDisabled": false,
            "name": "Äggnudlar",
            "code": "101498814_ST"
        },
        {
            "potentialPromotions": [
                {
                    "threshold": null,
                    "applied": false,
                    "campaignType": "GENERAL",
                    "offerStatus": null,
                    "productCodes": [
                        "101523769_ST"
                    ],
                    "promotionTheme": {
                        "code": "Z001",
                        "visible": null
                    },
                    "lowestHistoricalPrice": {
                        "currencyIso": "SEK",
                        "value": 29.9,
                        "priceType": "BUY",
                        "formattedValue": "29,90 kr",
                        "minQuantity": null,
                        "maxQuantity": null
                    },
                    "textLabelGenerated": "",
                    "textLabelManual": null,
                    "price": {
                        "currencyIso": "SEK",
                        "value": 29.9,
                        "priceType": "BUY",
                        "formattedValue": "29,90 kr",
                        "minQuantity": null,
                        "maxQuantity": null
                    },
                    "promotionType": "MixMatchPricePromotion",
                    "conditionLabel": "",
                    "rewardLabel": "29,90/st",
                    "textLabel": "",
                    "redeemLimitLabel": "",
                    "cartLabel": null,
                    "validUntil": null,
                    "timesUsed": null,
                    "qualifyingCount": 1,
                    "comparePrice": "108,73 kr",
                    "splashTitleText": "Kampanj",
                    "realMixAndMatch": false,
                    "mainProductCode": "101523769_ST",
                    "conditionLabelFormatted": "",
                    "promotionRedeemLimit": null,
                    "promotionPercentage": null,
                    "cartLabelFormatted": "",
                    "priority": 408,
                    "code": "2500270610"
                }
            ],
            "inactivePotentialPromotions": [],
            "priceValue": 29.9,
            "price": "29,90 kr",
            "image": {
                "imageType": "PRIMARY",
                "format": "product",
                "url": "https://assets.axfood.se/image/upload/f_auto,t_200/07350013134951_C1N1_s02",
                "altText": null,
                "galleryIndex": null,
                "width": null
            },
            "ranking": 320.75042133394,
            "depositPrice": "",
            "averageWeight": null,
            "comparePrice": "108,73 kr",
            "comparePriceUnit": "kg",
            "isDrugProduct": false,
            "solrSearchScore": 0.6426547169685364,
            "energyDeclaration": null,
            "newsSplashProduct": false,
            "notAllowedB2b": false,
            "notAllowedAnonymous": false,
            "productLine2": "ROYAL FOODS, 275g",
            "pickupProductLine2": "ROYAL FOODS, 275g",
            "priceUnit": "kr/st",
            "priceNoUnit": "29,90",
            "savingsAmount": 0.0,
            "googleAnalyticsCategory": "",
            "gdprTrackingIncompliant": false,
            "tobaccoProduct": false,
            "showGoodPriceIcon": false,
            "nicotineMedicalProduct": false,
            "tobaccoFreeNicotineProduct": false,
            "nonEkoProduct": true,
            "precautionaryStatements": [],
            "hazards": [],
            "labels": [
                "msc_fish",
                "frozen",
                "environmental_facet"
            ],
            "seoDescription": "",
            "seoTitle": "",
            "manufacturer": "Royal Foods",
            "incrementValue": 1.0,
            "productBasketType": {
                "code": "ST",
                "type": "ProductBasketTypeEnum"
            },
            "bargainProduct": true,
            "addToCartMessage": "",
            "thumbnail": {
                "imageType": "PRIMARY",
                "format": "thumbnail",
                "url": "https://assets.axfood.se/image/upload/f_auto,t_100/07350013134951_C1N1_s02",
                "altText": null,
                "galleryIndex": null,
                "width": null
            },
            "outOfStock": false,
            "online": true,
            "displayVolume": "275g",
            "addToCartDisabled": false,
            "name": "Surimiräkor",
            "code": "101523769_ST"
        },
        {
            "potentialPromotions": [
                {
                    "threshold": 0.0,
                    "applied": false,
                    "campaignType": "LOYALTY",
                    "offerStatus": null,
                    "productCodes": null,
                    "promotionTheme": {
                        "code": "Z020",
                        "visible": null
                    },
                    "lowestHistoricalPrice": {
                        "currencyIso": "SEK",
                        "value": 165.0,
                        "priceType": "BUY",
                        "formattedValue": "165,00 kr/kg",
                        "minQuantity": null,
                        "maxQuantity": null
                    },
                    "textLabelGenerated": "",
                    "textLabelManual": null,
                    "price": {
                        "currencyIso": "SEK",
                        "value": 139.0,
                        "priceType": "BUY",
                        "formattedValue": "139,00 kr/kg",
                        "minQuantity": null,
                        "maxQuantity": null
                    },
                    "promotionType": "SubtotalOrderPromotion",
                    "conditionLabel": "Spara 26,00 kr/kg",
                    "rewardLabel": "139/kg",
                    "textLabel": "",
                    "redeemLimitLabel": "Max 3 köp",
                    "cartLabel": null,
                    "validUntil": null,
                    "timesUsed": null,
                    "qualifyingCount": null,
                    "comparePrice": "139,00 kr/kg",
                    "splashTitleText": "",
                    "realMixAndMatch": false,
                    "mainProductCode": "101342714_KG",
                    "conditionLabelFormatted": "",
                    "promotionRedeemLimit": null,
                    "promotionPercentage": null,
                    "cartLabelFormatted": "",
                    "priority": 609,
                    "code": "2500274300"
                }
            ],
            "inactivePotentialPromotions": [],
            "priceValue": 165.0,
            "price": "165,00 kr/kg",
            "image": {
                "imageType": "PRIMARY",
                "format": "product",
                "url": "https://assets.axfood.se/image/upload/f_auto,t_200/02359765300008_C1N1_s01",
                "altText": null,
                "galleryIndex": null,
                "width": null
            },
            "ranking": 320.7304367349,
            "depositPrice": "",
            "averageWeight": 1.2,
            "comparePrice": "165,00 kr",
            "comparePriceUnit": "kg",
            "isDrugProduct": false,
            "solrSearchScore": 1.8396117687225342,
            "energyDeclaration": null,
            "newsSplashProduct": false,
            "notAllowedB2b": false,
            "notAllowedAnonymous": false,
            "productLine2": "PRIME, ca: 1.2kg",
            "pickupProductLine2": "PRIME, ca: 1.2kg",
            "priceUnit": "kr/kg",
            "priceNoUnit": "165,00",
            "savingsAmount": 26.0,
            "googleAnalyticsCategory": "",
            "gdprTrackingIncompliant": false,
            "tobaccoProduct": false,
            "showGoodPriceIcon": false,
            "nicotineMedicalProduct": false,
            "tobaccoFreeNicotineProduct": false,
            "nonEkoProduct": false,
            "precautionaryStatements": [],
            "hazards": [],
            "labels": [],
            "seoDescription": "",
            "seoTitle": "",
            "manufacturer": "Prime",
            "incrementValue": 1.0,
            "productBasketType": {
                "code": "ST",
                "type": "ProductBasketTypeEnum"
            },
            "bargainProduct": false,
            "addToCartMessage": "",
            "thumbnail": {
                "imageType": "PRIMARY",
                "format": "thumbnail",
                "url": "https://assets.axfood.se/image/upload/f_auto,t_100/02359765300008_C1N1_s01",
                "altText": null,
                "galleryIndex": null,
                "width": null
            },
            "outOfStock": false,
            "online": true,
            "displayVolume": "ca: 1.2kg",
            "addToCartDisabled": false,
            "name": "Högrev Nötkött Irland",
            "code": "101342714_KG"
        },
        {
            "potentialPromotions": [
                {
                    "threshold": 0.0,
                    "applied": false,
                    "campaignType": "LOYALTY",
                    "offerStatus": null,
                    "productCodes": null,
                    "promotionTheme": {
                        "code": "Z020",
                        "visible": null
                    },
                    "lowestHistoricalPrice": null,
                    "textLabelGenerated": "",
                    "textLabelManual": null,
                    "price": {
                        "currencyIso": "SEK",
                        "value": 89.89999999999999,
                        "priceType": "BUY",
                        "formattedValue": "89,90 kr/kg",
                        "minQuantity": null,
                        "maxQuantity": null
                    },
                    "promotionType": "SubtotalOrderPromotion",
                    "conditionLabel": "Spara 10,00 kr/kg",
                    "rewardLabel": "89,90/kg",
                    "textLabel": "",
                    "redeemLimitLabel": "Max 3 köp",
                    "cartLabel": null,
                    "validUntil": null,
                    "timesUsed": null,
                    "qualifyingCount": null,
                    "comparePrice": "89,90 kr/kg",
                    "splashTitleText": "",
                    "realMixAndMatch": false,
                    "mainProductCode": "101347893_KG",
                    "conditionLabelFormatted": "",
                    "promotionRedeemLimit": null,
                    "promotionPercentage": null,
                    "cartLabelFormatted": "",
                    "priority": 609,
                    "code": "2500274324"
                }
            ],
            "inactivePotentialPromotions": [],
            "priceValue": 99.9,
            "price": "99,90 kr/kg",
            "image": {
                "imageType": "PRIMARY",
                "format": "product",
                "url": "https://assets.axfood.se/image/upload/f_auto,t_200/02359765900000_C1N1_s02",
                "altText": null,
                "galleryIndex": null,
                "width": null
            },
            "ranking": 320.72043771794,
            "depositPrice": "",
            "averageWeight": 0.75,
            "comparePrice": "99,90 kr",
            "comparePriceUnit": "kg",
            "isDrugProduct": false,
            "solrSearchScore": 1.8396117687225342,
            "energyDeclaration": null,
            "newsSplashProduct": false,
            "notAllowedB2b": false,
            "notAllowedAnonymous": false,
            "productLine2": "GARANT, ca: 750g",
            "pickupProductLine2": "GARANT, ca: 750g",
            "priceUnit": "kr/kg",
            "priceNoUnit": "99,90",
            "savingsAmount": 10.00000000000001,
            "googleAnalyticsCategory": "",
            "gdprTrackingIncompliant": false,
            "tobaccoProduct": false,
            "showGoodPriceIcon": false,
            "nicotineMedicalProduct": false,
            "tobaccoFreeNicotineProduct": false,
            "nonEkoProduct": false,
            "precautionaryStatements": [],
            "hazards": [],
            "labels": [
                "swedish_flag",
                "meat_from_sweden"
            ],
            "seoDescription": "",
            "seoTitle": "",
            "manufacturer": "Garant",
            "incrementValue": 1.0,
            "productBasketType": {
                "code": "ST",
                "type": "ProductBasketTypeEnum"
            },
            "bargainProduct": false,
            "addToCartMessage": "",
            "thumbnail": {
                "imageType": "PRIMARY",
                "format": "thumbnail",
                "url": "https://assets.axfood.se/image/upload/f_auto,t_100/02359765900000_C1N1_s02",
                "altText": null,
                "galleryIndex": null,
                "width": null
            },
            "outOfStock": false,
            "online": true,
            "displayVolume": "ca: 750g",
            "addToCartDisabled": false,
            "name": "Sidfläsk Bit Sverige",
            "code": "101347893_KG"
        },
        {
            "potentialPromotions": [
                {
                    "threshold": null,
                    "applied": false,
                    "campaignType": "LOYALTY",
                    "offerStatus": null,
                    "productCodes": [
                        "100291499_ST",
                        "100769483_ST",
                        "100769492_ST"
                    ],
                    "promotionTheme": {
                        "code": "Z020",
                        "visible": null
                    },
                    "lowestHistoricalPrice": null,
                    "textLabelGenerated": "",
                    "textLabelManual": null,
                    "price": {
                        "currencyIso": "SEK",
                        "value": 22.9,
                        "priceType": "BUY",
                        "formattedValue": "22,90 kr",
                        "minQuantity": null,
                        "maxQuantity": null
                    },
                    "promotionType": "MixMatchPricePromotion",
                    "conditionLabel": "Spara 6,00 kr/st",
                    "rewardLabel": "22,90/st",
                    "textLabel": "",
                    "redeemLimitLabel": "Max 5 köp",
                    "cartLabel": null,
                    "validUntil": null,
                    "timesUsed": null,
                    "qualifyingCount": 1,
                    "comparePrice": "50,89 kr",
                    "splashTitleText": "",
                    "realMixAndMatch": false,
                    "mainProductCode": "100291499_ST",
                    "conditionLabelFormatted": "",
                    "promotionRedeemLimit": null,
                    "promotionPercentage": null,
                    "cartLabelFormatted": "",
                    "priority": 608,
                    "code": "2500274333"
                }
            ],
            "inactivePotentialPromotions": [],
            "priceValue": 28.9,
            "price": "28,90 kr",
            "image": {
                "imageType": "PRIMARY",
                "format": "product",
                "url": "https://assets.axfood.se/image/upload/f_auto,t_200/07300327771007_C1N1_s03",
                "altText": null,
                "galleryIndex": null,
                "width": null
            },
            "ranking": 320.7104400117,
            "depositPrice": "",
            "averageWeight": null,
            "comparePrice": "64,22 kr",
            "comparePriceUnit": "kg",
            "isDrugProduct": false,
            "solrSearchScore": 1.8396117687225342,
            "energyDeclaration": null,
            "newsSplashProduct": false,
            "notAllowedB2b": false,
            "notAllowedAnonymous": false,
            "productLine2": "KRONFÅGEL, 450g",
            "pickupProductLine2": "KRONFÅGEL, 450g",
            "priceUnit": "kr/st",
            "priceNoUnit": "28,90",
            "savingsAmount": 6.0,
            "googleAnalyticsCategory": "",
            "gdprTrackingIncompliant": false,
            "tobaccoProduct": false,
            "showGoodPriceIcon": false,
            "nicotineMedicalProduct": false,
            "tobaccoFreeNicotineProduct": false,
            "nonEkoProduct": false,
            "precautionaryStatements": [],
            "hazards": [],
            "labels": [
                "swedish_flag",
                "swedish_bird",
                "keyhole"
            ],
            "seoDescription": "",
            "seoTitle": "",
            "manufacturer": "Kronfågel",
            "incrementValue": 1.0,
            "productBasketType": {
                "code": "ST",
                "type": "ProductBasketTypeEnum"
            },
            "bargainProduct": false,
            "addToCartMessage": "",
            "thumbnail": {
                "imageType": "PRIMARY",
                "format": "thumbnail",
                "url": "https://assets.axfood.se/image/upload/f_auto,t_100/07300327771007_C1N1_s03",
                "altText": null,
                "galleryIndex": null,
                "width": null
            },
            "outOfStock": false,
            "online": true,
            "displayVolume": "450g",
            "addToCartDisabled": false,
            "name": "Kycklinglever Sverige",
            "code": "100291499_ST"
        },
        {
            "potentialPromotions": [
                {
                    "threshold": null,
                    "applied": false,
                    "campaignType": "LOYALTY",
                    "offerStatus": null,
                    "productCodes": [
                        "101106241_ST"
                    ],
                    "promotionTheme": {
                        "code": "Z020",
                        "visible": null
                    },
                    "lowestHistoricalPrice": null,
                    "textLabelGenerated": "",
                    "textLabelManual": null,
                    "price": {
                        "currencyIso": "SEK",
                        "value": 34.9,
                        "priceType": "BUY",
                        "formattedValue": "34,90 kr",
                        "minQuantity": null,
                        "maxQuantity": null
                    },
                    "promotionType": "MixMatchPricePromotion",
                    "conditionLabel": "Spara 10,00 kr/st",
                    "rewardLabel": "34,90/st",
                    "textLabel": "",
                    "redeemLimitLabel": "Max 3 köp",
                    "cartLabel": null,
                    "validUntil": null,
                    "timesUsed": null,
                    "qualifyingCount": 1,
                    "comparePrice": "69,80 kr",
                    "splashTitleText": "",
                    "realMixAndMatch": false,
                    "mainProductCode": "101106241_ST",
                    "conditionLabelFormatted": "",
                    "promotionRedeemLimit": null,
                    "promotionPercentage": null,
                    "cartLabelFormatted": "",
                    "priority": 608,
                    "code": "2500274323"
                }
            ],
            "inactivePotentialPromotions": [],
            "priceValue": 44.9,
            "price": "44,90 kr",
            "image": {
                "imageType": "PRIMARY",
                "format": "product",
                "url": "https://assets.axfood.se/image/upload/f_auto,t_200/07340045504129_C1N1_s01",
                "altText": null,
                "galleryIndex": null,
                "width": null
            },
            "ranking": 320.70043739026,
            "depositPrice": "",
            "averageWeight": null,
            "comparePrice": "89,80 kr",
            "comparePriceUnit": "kg",
            "isDrugProduct": false,
            "solrSearchScore": 1.8396117687225342,
            "energyDeclaration": null,
            "newsSplashProduct": false,
            "notAllowedB2b": false,
            "notAllowedAnonymous": false,
            "productLine2": "GARANT, 500g",
            "pickupProductLine2": "GARANT, 500g",
            "priceUnit": "kr/st",
            "priceNoUnit": "44,90",
            "savingsAmount": 10.0,
            "googleAnalyticsCategory": "",
            "gdprTrackingIncompliant": false,
            "tobaccoProduct": false,
            "showGoodPriceIcon": false,
            "nicotineMedicalProduct": false,
            "tobaccoFreeNicotineProduct": false,
            "nonEkoProduct": false,
            "precautionaryStatements": [],
            "hazards": [],
            "labels": [
                "swedish_flag",
                "meat_from_sweden"
            ],
            "seoDescription": "",
            "seoTitle": "",
            "manufacturer": "Garant",
            "incrementValue": 1.0,
            "productBasketType": {
                "code": "ST",
                "type": "ProductBasketTypeEnum"
            },
            "bargainProduct": false,
            "addToCartMessage": "",
            "thumbnail": {
                "imageType": "PRIMARY",
                "format": "thumbnail",
                "url": "https://assets.axfood.se/image/upload/f_auto,t_100/07340045504129_C1N1_s01",
                "altText": null,
                "galleryIndex": null,
                "width": null
            },
            "outOfStock": false,
            "online": true,
            "displayVolume": "500g",
            "addToCartDisabled": false,
            "name": "Fläskfärs 20% Sverige",
            "code": "101106241_ST"
        },
        {
            "potentialPromotions": [
                {
                    "threshold": null,
                    "applied": false,
                    "campaignType": "LOYALTY",
                    "offerStatus": null,
                    "productCodes": [
                        "101265019_ST"
                    ],
                    "promotionTheme": {
                        "code": "Z020",
                        "visible": null
                    },
                    "lowestHistoricalPrice": null,
                    "textLabelGenerated": "",
                    "textLabelManual": null,
                    "price": {
                        "currencyIso": "SEK",
                        "value": 44.9,
                        "priceType": "BUY",
                        "formattedValue": "44,90 kr",
                        "minQuantity": null,
                        "maxQuantity": null
                    },
                    "promotionType": "MixMatchPricePromotion",
                    "conditionLabel": "Spara 11,00 kr/st",
                    "rewardLabel": "44,90/st",
                    "textLabel": "",
                    "redeemLimitLabel": "Max 3 köp",
                    "cartLabel": null,
                    "validUntil": null,
                    "timesUsed": null,
                    "qualifyingCount": 1,
                    "comparePrice": "99,34 kr",
                    "splashTitleText": "",
                    "realMixAndMatch": false,
                    "mainProductCode": "101265019_ST",
                    "conditionLabelFormatted": "",
                    "promotionRedeemLimit": null,
                    "promotionPercentage": null,
                    "cartLabelFormatted": "",
                    "priority": 608,
                    "code": "2500274321"
                }
            ],
            "inactivePotentialPromotions": [],
            "priceValue": 55.9,
            "price": "55,90 kr",
            "image": {
                "imageType": "PRIMARY",
                "format": "product",
                "url": "https://assets.axfood.se/image/upload/f_auto,t_200/07340045509599_C1L1_s04",
                "altText": null,
                "galleryIndex": null,
                "width": null
            },
            "ranking": 320.69043706258,
            "depositPrice": "",
            "averageWeight": null,
            "comparePrice": "123,67 kr",
            "comparePriceUnit": "kg",
            "isDrugProduct": false,
            "solrSearchScore": 1.8396117687225342,
            "energyDeclaration": null,
            "newsSplashProduct": false,
            "notAllowedB2b": false,
            "notAllowedAnonymous": false,
            "productLine2": "452g",
            "pickupProductLine2": "452g",
            "priceUnit": "kr/st",
            "priceNoUnit": "55,90",
            "savingsAmount": 11.0,
            "googleAnalyticsCategory": "",
            "gdprTrackingIncompliant": false,
            "tobaccoProduct": false,
            "showGoodPriceIcon": false,
            "nicotineMedicalProduct": false,
            "tobaccoFreeNicotineProduct": false,
            "nonEkoProduct": false,
            "precautionaryStatements": [],
            "hazards": [],
            "labels": [],
            "seoDescription": "",
            "seoTitle": "",
            "manufacturer": null,
            "incrementValue": 1.0,
            "productBasketType": {
                "code": "ST",
                "type": "ProductBasketTypeEnum"
            },
            "bargainProduct": false,
            "addToCartMessage": "",
            "thumbnail": {
                "imageType": "PRIMARY",
                "format": "thumbnail",
                "url": "https://assets.axfood.se/image/upload/f_auto,t_100/07340045509599_C1L1_s04",
                "altText": null,
                "galleryIndex": null,
                "width": null
            },
            "outOfStock": false,
            "online": true,
            "displayVolume": "452g",
            "addToCartDisabled": false,
            "name": "Hamburgare Irland",
            "code": "101265019_ST"
        },
        {
            "potentialPromotions": [
                {
                    "threshold": null,
                    "applied": false,
                    "campaignType": "LOYALTY",
                    "offerStatus": null,
                    "productCodes": [
                        "101511235_ST"
                    ],
                    "promotionTheme": {
                        "code": "Z020",
                        "visible": null
                    },
                    "lowestHistoricalPrice": {
                        "currencyIso": "SEK",
                        "value": 69.9,
                        "priceType": "BUY",
                        "formattedValue": "69,90 kr",
                        "minQuantity": null,
                        "maxQuantity": null
                    },
                    "textLabelGenerated": "",
                    "textLabelManual": null,
                    "price": {
                        "currencyIso": "SEK",
                        "value": 54.9,
                        "priceType": "BUY",
                        "formattedValue": "54,90 kr",
                        "minQuantity": null,
                        "maxQuantity": null
                    },
                    "promotionType": "MixMatchPricePromotion",
                    "conditionLabel": "Spara 15,00 kr/st",
                    "rewardLabel": "54,90/st",
                    "textLabel": "",
                    "redeemLimitLabel": "Max 3 köp",
                    "cartLabel": null,
                    "validUntil": null,
                    "timesUsed": null,
                    "qualifyingCount": 1,
                    "comparePrice": "115,58 kr",
                    "splashTitleText": "",
                    "realMixAndMatch": false,
                    "mainProductCode": "101511235_ST",
                    "conditionLabelFormatted": "",
                    "promotionRedeemLimit": null,
                    "promotionPercentage": null,
                    "cartLabelFormatted": "",
                    "priority": 608,
                    "code": "2500274331"
                }
            ],
            "inactivePotentialPromotions": [],
            "priceValue": 69.9,
            "price": "69,90 kr",
            "image": {
                "imageType": "PRIMARY",
                "format": "product",
                "url": "https://assets.axfood.se/image/upload/f_auto,t_200/07393287732508_C1C1_s01",
                "altText": null,
                "galleryIndex": null,
                "width": null
            },
            "ranking": 320.68043968402,
            "depositPrice": "",
            "averageWeight": null,
            "comparePrice": "147,16 kr",
            "comparePriceUnit": "kg",
            "isDrugProduct": false,
            "solrSearchScore": 1.8396117687225342,
            "energyDeclaration": null,
            "newsSplashProduct": false,
            "notAllowedB2b": false,
            "notAllowedAnonymous": false,
            "productLine2": "JOJJEN, 475g",
            "pickupProductLine2": "JOJJEN, 475g",
            "priceUnit": "kr/st",
            "priceNoUnit": "69,90",
            "savingsAmount": 15.0,
            "googleAnalyticsCategory": "",
            "gdprTrackingIncompliant": false,
            "tobaccoProduct": false,
            "showGoodPriceIcon": false,
            "nicotineMedicalProduct": false,
            "tobaccoFreeNicotineProduct": false,
            "nonEkoProduct": false,
            "precautionaryStatements": [],
            "hazards": [],
            "labels": [],
            "seoDescription": "",
            "seoTitle": "",
            "manufacturer": "Jojjen",
            "incrementValue": 1.0,
            "productBasketType": {
                "code": "ST",
                "type": "ProductBasketTypeEnum"
            },
            "bargainProduct": false,
            "addToCartMessage": "",
            "thumbnail": {
                "imageType": "PRIMARY",
                "format": "thumbnail",
                "url": "https://assets.axfood.se/image/upload/f_auto,t_100/07393287732508_C1C1_s01",
                "altText": null,
                "galleryIndex": null,
                "width": null
            },
            "outOfStock": false,
            "online": true,
            "displayVolume": "475g",
            "addToCartDisabled": false,
            "name": "Julrevben Tunna",
            "code": "101511235_ST"
        },
        {
            "potentialPromotions": [
                {
                    "threshold": null,
                    "applied": false,
                    "campaignType": "LOYALTY",
                    "offerStatus": null,
                    "productCodes": [
                        "101512838_ST"
                    ],
                    "promotionTheme": {
                        "code": "Z020",
                        "visible": null
                    },
                    "lowestHistoricalPrice": {
                        "currencyIso": "SEK",
                        "value": 64.9,
                        "priceType": "BUY",
                        "formattedValue": "64,90 kr",
                        "minQuantity": null,
                        "maxQuantity": null
                    },
                    "textLabelGenerated": "",
                    "textLabelManual": null,
                    "price": {
                        "currencyIso": "SEK",
                        "value": 49.9,
                        "priceType": "BUY",
                        "formattedValue": "49,90 kr",
                        "minQuantity": null,
                        "maxQuantity": null
                    },
                    "promotionType": "MixMatchPricePromotion",
                    "conditionLabel": "Spara 15,00 kr/st",
                    "rewardLabel": "49,90/st",
                    "textLabel": "",
                    "redeemLimitLabel": "Max 3 köp",
                    "cartLabel": null,
                    "validUntil": null,
                    "timesUsed": null,
                    "qualifyingCount": 1,
                    "comparePrice": "124,75 kr",
                    "splashTitleText": "",
                    "realMixAndMatch": false,
                    "mainProductCode": "101512838_ST",
                    "conditionLabelFormatted": "",
                    "promotionRedeemLimit": null,
                    "promotionPercentage": null,
                    "cartLabelFormatted": "",
                    "priority": 608,
                    "code": "2500274329"
                }
            ],
            "inactivePotentialPromotions": [],
            "priceValue": 64.9,
            "price": "64,90 kr",
            "image": {
                "imageType": "PRIMARY",
                "format": "product",
                "url": "https://assets.axfood.se/image/upload/f_auto,t_200/07350144000040_C1N1_s02",
                "altText": null,
                "galleryIndex": null,
                "width": null
            },
            "ranking": 320.67043935634,
            "depositPrice": "",
            "averageWeight": null,
            "comparePrice": "162,25 kr",
            "comparePriceUnit": "kg",
            "isDrugProduct": false,
            "solrSearchScore": 1.8396117687225342,
            "energyDeclaration": null,
            "newsSplashProduct": false,
            "notAllowedB2b": false,
            "notAllowedAnonymous": false,
            "productLine2": "MOUNTAIN RIVER, 400g",
            "pickupProductLine2": "MOUNTAIN RIVER, 400g",
            "priceUnit": "kr/st",
            "priceNoUnit": "64,90",
            "savingsAmount": 15.0,
            "googleAnalyticsCategory": "",
            "gdprTrackingIncompliant": false,
            "tobaccoProduct": false,
            "showGoodPriceIcon": false,
            "nicotineMedicalProduct": false,
            "tobaccoFreeNicotineProduct": false,
            "nonEkoProduct": false,
            "precautionaryStatements": [],
            "hazards": [],
            "labels": [],
            "seoDescription": "",
            "seoTitle": "",
            "manufacturer": "Mountain River",
            "incrementValue": 1.0,
            "productBasketType": {
                "code": "ST",
                "type": "ProductBasketTypeEnum"
            },
            "bargainProduct": false,
            "addToCartMessage": "",
            "thumbnail": {
                "imageType": "PRIMARY",
                "format": "thumbnail",
                "url": "https://assets.axfood.se/image/upload/f_auto,t_100/07350144000040_C1N1_s02",
                "altText": null,
                "galleryIndex": null,
                "width": null
            },
            "outOfStock": false,
            "online": true,
            "displayVolume": "400g",
            "addToCartDisabled": false,
            "name": "Hjortfärs Fryst",
            "code": "101512838_ST"
        },
        {
            "potentialPromotions": [
                {
                    "threshold": null,
                    "applied": false,
                    "campaignType": "LOYALTY",
                    "offerStatus": null,
                    "productCodes": [
                        "101711542_ST"
                    ],
                    "promotionTheme": {
                        "code": "Z020",
                        "visible": null
                    },
                    "lowestHistoricalPrice": {
                        "currencyIso": "SEK",
                        "value": 99.9,
                        "priceType": "BUY",
                        "formattedValue": "99,90 kr",
                        "minQuantity": null,
                        "maxQuantity": null
                    },
                    "textLabelGenerated": "",
                    "textLabelManual": null,
                    "price": {
                        "currencyIso": "SEK",
                        "value": 89.9,
                        "priceType": "BUY",
                        "formattedValue": "89,90 kr",
                        "minQuantity": null,
                        "maxQuantity": null
                    },
                    "promotionType": "MixMatchPricePromotion",
                    "conditionLabel": "Spara 29,10 kr/st",
                    "rewardLabel": "89,90/st",
                    "textLabel": "",
                    "redeemLimitLabel": "Max 3 köp",
                    "cartLabel": null,
                    "validUntil": null,
                    "timesUsed": null,
                    "qualifyingCount": 1,
                    "comparePrice": "149,84 kr",
                    "splashTitleText": "",
                    "realMixAndMatch": false,
                    "mainProductCode": "101711542_ST",
                    "conditionLabelFormatted": "",
                    "promotionRedeemLimit": null,
                    "promotionPercentage": null,
                    "cartLabelFormatted": "",
                    "priority": 608,
                    "code": "2500274328"
                }
            ],
            "inactivePotentialPromotions": [],
            "priceValue": 119.0,
            "price": "119,00 kr",
            "image": {
                "imageType": "PRIMARY",
                "format": "product",
                "url": "https://assets.axfood.se/image/upload/f_auto,t_200/07350173320010_C1L1_s01",
                "altText": null,
                "galleryIndex": null,
                "width": null
            },
            "ranking": 320.66043902866,
            "depositPrice": "",
            "averageWeight": null,
            "comparePrice": "198,34 kr",
            "comparePriceUnit": "kg",
            "isDrugProduct": false,
            "solrSearchScore": 1.8396117687225342,
            "energyDeclaration": null,
            "newsSplashProduct": false,
            "notAllowedB2b": false,
            "notAllowedAnonymous": false,
            "productLine2": "THEBURGERVAULT, 600g",
            "pickupProductLine2": "THEBURGERVAULT, 600g",
            "priceUnit": "kr/st",
            "priceNoUnit": "119,00",
            "savingsAmount": 29.1,
            "googleAnalyticsCategory": "",
            "gdprTrackingIncompliant": false,
            "tobaccoProduct": false,
            "showGoodPriceIcon": false,
            "nicotineMedicalProduct": false,
            "tobaccoFreeNicotineProduct": false,
            "nonEkoProduct": false,
            "precautionaryStatements": [],
            "hazards": [],
            "labels": [],
            "seoDescription": "",
            "seoTitle": "",
            "manufacturer": "Theburgervault",
            "incrementValue": 1.0,
            "productBasketType": {
                "code": "ST",
                "type": "ProductBasketTypeEnum"
            },
            "bargainProduct": false,
            "addToCartMessage": "",
            "thumbnail": {
                "imageType": "PRIMARY",
                "format": "thumbnail",
                "url": "https://assets.axfood.se/image/upload/f_auto,t_100/07350173320010_C1L1_s01",
                "altText": null,
                "galleryIndex": null,
                "width": null
            },
            "outOfStock": false,
            "online": true,
            "displayVolume": "600g",
            "addToCartDisabled": false,
            "name": "Dry Age Beef Burger Fryst",
            "code": "101711542_ST"
        },
        {
            "potentialPromotions": [
                {
                    "threshold": null,
                    "applied": false,
                    "campaignType": "LOYALTY",
                    "offerStatus": null,
                    "productCodes": [
                        "101711623_ST"
                    ],
                    "promotionTheme": {
                        "code": "Z020",
                        "visible": null
                    },
                    "lowestHistoricalPrice": {
                        "currencyIso": "SEK",
                        "value": 89.9,
                        "priceType": "BUY",
                        "formattedValue": "89,90 kr",
                        "minQuantity": null,
                        "maxQuantity": null
                    },
                    "textLabelGenerated": "",
                    "textLabelManual": null,
                    "price": {
                        "currencyIso": "SEK",
                        "value": 69.9,
                        "priceType": "BUY",
                        "formattedValue": "69,90 kr",
                        "minQuantity": null,
                        "maxQuantity": null
                    },
                    "promotionType": "MixMatchPricePromotion",
                    "conditionLabel": "Spara 39,10 kr/st",
                    "rewardLabel": "69,90/st",
                    "textLabel": "",
                    "redeemLimitLabel": "Max 3 köp",
                    "cartLabel": null,
                    "validUntil": null,
                    "timesUsed": null,
                    "qualifyingCount": 1,
                    "comparePrice": "116,50 kr",
                    "splashTitleText": "",
                    "realMixAndMatch": false,
                    "mainProductCode": "101711623_ST",
                    "conditionLabelFormatted": "",
                    "promotionRedeemLimit": null,
                    "promotionPercentage": null,
                    "cartLabelFormatted": "",
                    "priority": 608,
                    "code": "2500274327"
                }
            ],
            "inactivePotentialPromotions": [],
            "priceValue": 109.0,
            "price": "109,00 kr",
            "image": {
                "imageType": "PRIMARY",
                "format": "product",
                "url": "https://assets.axfood.se/image/upload/f_auto,t_200/07350173320027_C1L1_s01",
                "altText": null,
                "galleryIndex": null,
                "width": null
            },
            "ranking": 320.65043870098,
            "depositPrice": "",
            "averageWeight": null,
            "comparePrice": "181,67 kr",
            "comparePriceUnit": "kg",
            "isDrugProduct": false,
            "solrSearchScore": 1.8396117687225342,
            "energyDeclaration": null,
            "newsSplashProduct": false,
            "notAllowedB2b": false,
            "notAllowedAnonymous": false,
            "productLine2": "THEBURGERVAULT, 600g",
            "pickupProductLine2": "THEBURGERVAULT, 600g",
            "priceUnit": "kr/st",
            "priceNoUnit": "109,00",
            "savingsAmount": 39.1,
            "googleAnalyticsCategory": "",
            "gdprTrackingIncompliant": false,
            "tobaccoProduct": false,
            "showGoodPriceIcon": false,
            "nicotineMedicalProduct": false,
            "tobaccoFreeNicotineProduct": false,
            "nonEkoProduct": false,
            "precautionaryStatements": [],
            "hazards": [],
            "labels": [],
            "seoDescription": "",
            "seoTitle": "",
            "manufacturer": "Theburgervault",
            "incrementValue": 1.0,
            "productBasketType": {
                "code": "ST",
                "type": "ProductBasketTypeEnum"
            },
            "bargainProduct": false,
            "addToCartMessage": "",
            "thumbnail": {
                "imageType": "PRIMARY",
                "format": "thumbnail",
                "url": "https://assets.axfood.se/image/upload/f_auto,t_100/07350173320027_C1L1_s01",
                "altText": null,
                "galleryIndex": null,
                "width": null
            },
            "outOfStock": false,
            "online": true,
            "displayVolume": "600g",
            "addToCartDisabled": false,
            "name": "Marrowbone Beef Burger Fryst",
            "code": "101711623_ST"
        },
        {
            "potentialPromotions": [
                {
                    "threshold": null,
                    "applied": false,
                    "campaignType": "LOYALTY",
                    "offerStatus": null,
                    "productCodes": [
                        "101711624_ST"
                    ],
                    "promotionTheme": {
                        "code": "Z020",
                        "visible": null
                    },
                    "lowestHistoricalPrice": {
                        "currencyIso": "SEK",
                        "value": 119.0,
                        "priceType": "BUY",
                        "formattedValue": "119,00 kr",
                        "minQuantity": null,
                        "maxQuantity": null
                    },
                    "textLabelGenerated": "",
                    "textLabelManual": null,
                    "price": {
                        "currencyIso": "SEK",
                        "value": 99.9,
                        "priceType": "BUY",
                        "formattedValue": "99,90 kr",
                        "minQuantity": null,
                        "maxQuantity": null
                    },
                    "promotionType": "MixMatchPricePromotion",
                    "conditionLabel": "Spara 29,10 kr/st",
                    "rewardLabel": "99,90/st",
                    "textLabel": "",
                    "redeemLimitLabel": "Max 3 köp",
                    "cartLabel": null,
                    "validUntil": null,
                    "timesUsed": null,
                    "qualifyingCount": 1,
                    "comparePrice": "166,50 kr",
                    "splashTitleText": "",
                    "realMixAndMatch": false,
                    "mainProductCode": "101711624_ST",
                    "conditionLabelFormatted": "",
                    "promotionRedeemLimit": null,
                    "promotionPercentage": null,
                    "cartLabelFormatted": "",
                    "priority": 608,
                    "code": "2500274326"
                }
            ],
            "inactivePotentialPromotions": [],
            "priceValue": 129.0,
            "price": "129,00 kr",
            "image": {
                "imageType": "PRIMARY",
                "format": "product",
                "url": "https://assets.axfood.se/image/upload/f_auto,t_200/07350173320034_C1L1_s01",
                "altText": null,
                "galleryIndex": null,
                "width": null
            },
            "ranking": 320.6404383733,
            "depositPrice": "",
            "averageWeight": null,
            "comparePrice": "215,00 kr",
            "comparePriceUnit": "kg",
            "isDrugProduct": false,
            "solrSearchScore": 1.8396117687225342,
            "energyDeclaration": null,
            "newsSplashProduct": false,
            "notAllowedB2b": false,
            "notAllowedAnonymous": false,
            "productLine2": "THEBURGERVAULT, 600g",
            "pickupProductLine2": "THEBURGERVAULT, 600g",
            "priceUnit": "kr/st",
            "priceNoUnit": "129,00",
            "savingsAmount": 29.1,
            "googleAnalyticsCategory": "",
            "gdprTrackingIncompliant": false,
            "tobaccoProduct": false,
            "showGoodPriceIcon": false,
            "nicotineMedicalProduct": false,
            "tobaccoFreeNicotineProduct": false,
            "nonEkoProduct": false,
            "precautionaryStatements": [],
            "hazards": [],
            "labels": [],
            "seoDescription": "",
            "seoTitle": "",
            "manufacturer": "Theburgervault",
            "incrementValue": 1.0,
            "productBasketType": {
                "code": "ST",
                "type": "ProductBasketTypeEnum"
            },
            "bargainProduct": false,
            "addToCartMessage": "",
            "thumbnail": {
                "imageType": "PRIMARY",
                "format": "thumbnail",
                "url": "https://assets.axfood.se/image/upload/f_auto,t_100/07350173320034_C1L1_s01",
                "altText": null,
                "galleryIndex": null,
                "width": null
            },
            "outOfStock": false,
            "online": true,
            "displayVolume": "600g",
            "addToCartDisabled": false,
            "name": "Wagyu Beef Burger Fryst",
            "code": "101711624_ST"
        },
        {
            "potentialPromotions": [
                {
                    "threshold": null,
                    "applied": false,
                    "campaignType": "LOYALTY",
                    "offerStatus": null,
                    "productCodes": [
                        "101748540_ST",
                        "101748541_ST"
                    ],
                    "promotionTheme": {
                        "code": "Z020",
                        "visible": null
                    },
                    "lowestHistoricalPrice": {
                        "currencyIso": "SEK",
                        "value": 69.9,
                        "priceType": "BUY",
                        "formattedValue": "69,90 kr",
                        "minQuantity": null,
                        "maxQuantity": null
                    },
                    "textLabelGenerated": "",
                    "textLabelManual": null,
                    "price": {
                        "currencyIso": "SEK",
                        "value": 59.9,
                        "priceType": "BUY",
                        "formattedValue": "59,90 kr",
                        "minQuantity": null,
                        "maxQuantity": null
                    },
                    "promotionType": "MixMatchPricePromotion",
                    "conditionLabel": "Spara 10,00 kr/st",
                    "rewardLabel": "59,90/st",
                    "textLabel": "",
                    "redeemLimitLabel": "Max 3 köp",
                    "cartLabel": null,
                    "validUntil": null,
                    "timesUsed": null,
                    "qualifyingCount": 1,
                    "comparePrice": "121,01 kr",
                    "splashTitleText": "",
                    "realMixAndMatch": false,
                    "mainProductCode": "101748540_ST",
                    "conditionLabelFormatted": "",
                    "promotionRedeemLimit": null,
                    "promotionPercentage": null,
                    "cartLabelFormatted": "",
                    "priority": 608,
                    "code": "2500274325"
                }
            ],
            "inactivePotentialPromotions": [],
            "priceValue": 69.9,
            "price": "69,90 kr",
            "image": {
                "imageType": "PRIMARY",
                "format": "product",
                "url": "https://assets.axfood.se/image/upload/f_auto,t_200/07311043020492_C1L1_s01",
                "altText": null,
                "galleryIndex": null,
                "width": null
            },
            "ranking": 320.63043804562,
            "depositPrice": "",
            "averageWeight": null,
            "comparePrice": "141,21 kr",
            "comparePriceUnit": "kg",
            "isDrugProduct": false,
            "solrSearchScore": 1.8396117687225342,
            "energyDeclaration": null,
            "newsSplashProduct": false,
            "notAllowedB2b": false,
            "notAllowedAnonymous": false,
            "productLine2": "GARANT, 495g",
            "pickupProductLine2": "GARANT, 495g",
            "priceUnit": "kr/st",
            "priceNoUnit": "69,90",
            "savingsAmount": 10.0,
            "googleAnalyticsCategory": "",
            "gdprTrackingIncompliant": false,
            "tobaccoProduct": false,
            "showGoodPriceIcon": false,
            "nicotineMedicalProduct": false,
            "tobaccoFreeNicotineProduct": false,
            "nonEkoProduct": false,
            "precautionaryStatements": [],
            "hazards": [],
            "labels": [
                "swedish_flag",
                "meat_from_sweden"
            ],
            "seoDescription": "",
            "seoTitle": "",
            "manufacturer": "Garant",
            "incrementValue": 1.0,
            "productBasketType": {
                "code": "ST",
                "type": "ProductBasketTypeEnum"
            },
            "bargainProduct": false,
            "addToCartMessage": "",
            "thumbnail": {
                "imageType": "PRIMARY",
                "format": "thumbnail",
                "url": "https://assets.axfood.se/image/upload/f_auto,t_100/07311043020492_C1L1_s01",
                "altText": null,
                "galleryIndex": null,
                "width": null
            },
            "outOfStock": false,
            "online": true,
            "displayVolume": "495g",
            "addToCartDisabled": false,
            "name": "Ribs Hot Spicy",
            "code": "101748540_ST"
        },
        {
            "potentialPromotions": [
                {
                    "threshold": null,
                    "applied": false,
                    "campaignType": "GENERAL",
                    "offerStatus": null,
                    "productCodes": [
                        "100008803_ST"
                    ],
                    "promotionTheme": {
                        "code": "Z001",
                        "visible": null
                    },
                    "lowestHistoricalPrice": {
                        "currencyIso": "SEK",
                        "value": 39.8,
                        "priceType": "BUY",
                        "formattedValue": "39,80 kr",
                        "minQuantity": null,
                        "maxQuantity": null
                    },
                    "textLabelGenerated": "",
                    "textLabelManual": null,
                    "price": {
                        "currencyIso": "SEK",
                        "value": 34.9,
                        "priceType": "BUY",
                        "formattedValue": "34,90 kr",
                        "minQuantity": null,
                        "maxQuantity": null
                    },
                    "promotionType": "MixMatchPricePromotion",
                    "conditionLabel": "Spara 4,90 kr/st",
                    "rewardLabel": "34,90/st",
                    "textLabel": "",
                    "redeemLimitLabel": "",
                    "cartLabel": null,
                    "validUntil": null,
                    "timesUsed": null,
                    "qualifyingCount": 1,
                    "comparePrice": "43,63 kr",
                    "splashTitleText": "Kampanj",
                    "realMixAndMatch": false,
                    "mainProductCode": "100008803_ST",
                    "conditionLabelFormatted": "",
                    "promotionRedeemLimit": null,
                    "promotionPercentage": null,
                    "cartLabelFormatted": "",
                    "priority": 408,
                    "code": "2500269819"
                }
            ],
            "inactivePotentialPromotions": [],
            "priceValue": 39.8,
            "price": "39,80 kr",
            "image": {
                "imageType": "PRIMARY",
                "format": "product",
                "url": "https://assets.axfood.se/image/upload/f_auto,t_200/07300206787006_C1N1_s03",
                "altText": null,
                "galleryIndex": null,
                "width": null
            },
            "ranking": 320.62042330002,
            "depositPrice": "",
            "averageWeight": null,
            "comparePrice": "49,75 kr",
            "comparePriceUnit": "kg",
            "isDrugProduct": false,
            "solrSearchScore": 0.6426547169685364,
            "energyDeclaration": null,
            "newsSplashProduct": false,
            "notAllowedB2b": false,
            "notAllowedAnonymous": false,
            "productLine2": "SCAN, 800g",
            "pickupProductLine2": "SCAN, 800g",
            "priceUnit": "kr/st",
            "priceNoUnit": "39,80",
            "savingsAmount": 4.9,
            "googleAnalyticsCategory": "",
            "gdprTrackingIncompliant": false,
            "tobaccoProduct": false,
            "showGoodPriceIcon": false,
            "nicotineMedicalProduct": false,
            "tobaccoFreeNicotineProduct": false,
            "nonEkoProduct": false,
            "precautionaryStatements": [],
            "hazards": [],
            "labels": [
                "swedish_flag",
                "meat_from_sweden",
                "glutenfree",
                "laktosfree"
            ],
            "seoDescription": "",
            "seoTitle": "",
            "manufacturer": "Scan",
            "incrementValue": 1.0,
            "productBasketType": {
                "code": "ST",
                "type": "ProductBasketTypeEnum"
            },
            "bargainProduct": false,
            "addToCartMessage": "",
            "thumbnail": {
                "imageType": "PRIMARY",
                "format": "thumbnail",
                "url": "https://assets.axfood.se/image/upload/f_auto,t_100/07300206787006_C1N1_s03",
                "altText": null,
                "galleryIndex": null,
                "width": null
            },
            "outOfStock": false,
            "online": true,
            "displayVolume": "800g",
            "addToCartDisabled": false,
            "name": "Falukorv Ring",
            "code": "100008803_ST"
        },
        {
            "potentialPromotions": [
                {
                    "threshold": null,
                    "applied": false,
                    "campaignType": "LOYALTY",
                    "offerStatus": null,
                    "productCodes": [
                        "101356744_ST",
                        "101224830_ST",
                        "101232350_ST",
                        "101232369_ST"
                    ],
                    "promotionTheme": {
                        "code": "Z020",
                        "visible": null
                    },
                    "lowestHistoricalPrice": null,
                    "textLabelGenerated": "Klubbpris",
                    "textLabelManual": null,
                    "price": {
                        "currencyIso": "SEK",
                        "value": 14.0,
                        "priceType": "BUY",
                        "formattedValue": "14,00 kr",
                        "minQuantity": null,
                        "maxQuantity": null
                    },
                    "promotionType": "MixMatchPricePromotion",
                    "conditionLabel": "Välj & blanda! 2 för",
                    "rewardLabel": "28,00",
                    "textLabel": "",
                    "redeemLimitLabel": "Max 3 köp",
                    "cartLabel": null,
                    "validUntil": null,
                    "timesUsed": null,
                    "qualifyingCount": 2,
                    "comparePrice": "70,00 kr",
                    "splashTitleText": "",
                    "realMixAndMatch": true,
                    "mainProductCode": "101356744_ST",
                    "conditionLabelFormatted": "2 för",
                    "promotionRedeemLimit": null,
                    "promotionPercentage": null,
                    "cartLabelFormatted": "",
                    "priority": 608,
                    "code": "2500269854"
                }
            ],
            "inactivePotentialPromotions": [],
            "priceValue": 18.9,
            "price": "18,90 kr",
            "image": {
                "imageType": "PRIMARY",
                "format": "product",
                "url": "https://assets.axfood.se/image/upload/f_auto,t_200/07340083494215_C1C1_s02",
                "altText": null,
                "galleryIndex": null,
                "width": null
            },
            "ranking": 320.61043607954,
            "depositPrice": "",
            "averageWeight": null,
            "comparePrice": "94,50 kr",
            "comparePriceUnit": "l",
            "isDrugProduct": false,
            "solrSearchScore": 1.8396117687225342,
            "energyDeclaration": null,
            "newsSplashProduct": false,
            "notAllowedB2b": false,
            "notAllowedAnonymous": false,
            "productLine2": "GARANT, 200ml",
            "pickupProductLine2": "GARANT, 200ml",
            "priceUnit": "kr/st",
            "priceNoUnit": "18,90",
            "savingsAmount": 9.8,
            "googleAnalyticsCategory": "",
            "gdprTrackingIncompliant": false,
            "tobaccoProduct": false,
            "showGoodPriceIcon": false,
            "nicotineMedicalProduct": false,
            "tobaccoFreeNicotineProduct": false,
            "nonEkoProduct": true,
            "precautionaryStatements": [],
            "hazards": [],
            "labels": [
                "msc_fish",
                "environmental_facet"
            ],
            "seoDescription": "",
            "seoTitle": "",
            "manufacturer": "Garant",
            "incrementValue": 1.0,
            "productBasketType": {
                "code": "ST",
                "type": "ProductBasketTypeEnum"
            },
            "bargainProduct": false,
            "addToCartMessage": "",
            "thumbnail": {
                "imageType": "PRIMARY",
                "format": "thumbnail",
                "url": "https://assets.axfood.se/image/upload/f_auto,t_100/07340083494215_C1C1_s02",
                "altText": null,
                "galleryIndex": null,
                "width": null
            },
            "outOfStock": false,
            "online": true,
            "displayVolume": "200ml",
            "addToCartDisabled": false,
            "name": "Romsås Klassisk",
            "code": "101356744_ST"
        },
        {
            "potentialPromotions": [
                {
                    "threshold": null,
                    "applied": false,
                    "campaignType": "LOYALTY",
                    "offerStatus": null,
                    "productCodes": [
                        "101330534_ST",
                        "101330535_ST"
                    ],
                    "promotionTheme": {
                        "code": "Z020",
                        "visible": null
                    },
                    "lowestHistoricalPrice": null,
                    "textLabelGenerated": "",
                    "textLabelManual": null,
                    "price": {
                        "currencyIso": "SEK",
                        "value": 44.9,
                        "priceType": "BUY",
                        "formattedValue": "44,90 kr",
                        "minQuantity": null,
                        "maxQuantity": null
                    },
                    "promotionType": "MixMatchPricePromotion",
                    "conditionLabel": "Spara 9,00 kr/st",
                    "rewardLabel": "44,90/st",
                    "textLabel": "",
                    "redeemLimitLabel": "Max 3 köp",
                    "cartLabel": null,
                    "validUntil": null,
                    "timesUsed": null,
                    "qualifyingCount": 1,
                    "comparePrice": "299,33 kr",
                    "splashTitleText": "",
                    "realMixAndMatch": false,
                    "mainProductCode": "101330534_ST",
                    "conditionLabelFormatted": "",
                    "promotionRedeemLimit": null,
                    "promotionPercentage": null,
                    "cartLabelFormatted": "",
                    "priority": 608,
                    "code": "2500269782"
                }
            ],
            "inactivePotentialPromotions": [],
            "priceValue": 53.9,
            "price": "53,90 kr",
            "image": {
                "imageType": "PRIMARY",
                "format": "product",
                "url": "https://assets.axfood.se/image/upload/f_auto,t_200/07340083486272_C1N1_s02",
                "altText": null,
                "galleryIndex": null,
                "width": null
            },
            "ranking": 320.60043542418,
            "depositPrice": "",
            "averageWeight": null,
            "comparePrice": "359,34 kr",
            "comparePriceUnit": "kg",
            "isDrugProduct": false,
            "solrSearchScore": 1.8396117687225342,
            "energyDeclaration": null,
            "newsSplashProduct": false,
            "notAllowedB2b": false,
            "notAllowedAnonymous": false,
            "productLine2": "FALKENBERG, 150g",
            "pickupProductLine2": "FALKENBERG, 150g",
            "priceUnit": "kr/st",
            "priceNoUnit": "53,90",
            "savingsAmount": 9.0,
            "googleAnalyticsCategory": "",
            "gdprTrackingIncompliant": false,
            "tobaccoProduct": false,
            "showGoodPriceIcon": false,
            "nicotineMedicalProduct": false,
            "tobaccoFreeNicotineProduct": false,
            "nonEkoProduct": true,
            "precautionaryStatements": [],
            "hazards": [],
            "labels": [
                "asc_fish",
                "keyhole",
                "environmental_facet"
            ],
            "seoDescription": "",
            "seoTitle": "",
            "manufacturer": "Falkenberg",
            "incrementValue": 1.0,
            "productBasketType": {
                "code": "ST",
                "type": "ProductBasketTypeEnum"
            },
            "bargainProduct": false,
            "addToCartMessage": "",
            "thumbnail": {
                "imageType": "PRIMARY",
                "format": "thumbnail",
                "url": "https://assets.axfood.se/image/upload/f_auto,t_100/07340083486272_C1N1_s02",
                "altText": null,
                "galleryIndex": null,
                "width": null
            },
            "outOfStock": false,
            "online": true,
            "displayVolume": "150g",
            "addToCartDisabled": false,
            "name": "Kallrökt Lax Skivad",
            "code": "101330534_ST"
        },
        {
            "potentialPromotions": [
                {
                    "threshold": null,
                    "applied": false,
                    "campaignType": "LOYALTY",
                    "offerStatus": null,
                    "productCodes": [
                        "101595440_ST",
                        "101690055_ST",
                        "101690054_ST",
                        "101690053_ST"
                    ],
                    "promotionTheme": {
                        "code": "Z020",
                        "visible": null
                    },
                    "lowestHistoricalPrice": {
                        "currencyIso": "SEK",
                        "value": 39.9,
                        "priceType": "BUY",
                        "formattedValue": "39,90 kr",
                        "minQuantity": null,
                        "maxQuantity": null
                    },
                    "textLabelGenerated": "",
                    "textLabelManual": null,
                    "price": {
                        "currencyIso": "SEK",
                        "value": 29.9,
                        "priceType": "BUY",
                        "formattedValue": "29,90 kr",
                        "minQuantity": null,
                        "maxQuantity": null
                    },
                    "promotionType": "MixMatchPricePromotion",
                    "conditionLabel": "Spara 10,00 kr/st",
                    "rewardLabel": "29,90/st",
                    "textLabel": "",
                    "redeemLimitLabel": "Max 3 köp",
                    "cartLabel": null,
                    "validUntil": null,
                    "timesUsed": null,
                    "qualifyingCount": 1,
                    "comparePrice": "59,80 kr",
                    "splashTitleText": "",
                    "realMixAndMatch": false,
                    "mainProductCode": "101595440_ST",
                    "conditionLabelFormatted": "",
                    "promotionRedeemLimit": null,
                    "promotionPercentage": null,
                    "cartLabelFormatted": "",
                    "priority": 608,
                    "code": "2500269707"
                }
            ],
            "inactivePotentialPromotions": [],
            "priceValue": 39.9,
            "price": "39,90 kr",
            "image": {
                "imageType": "PRIMARY",
                "format": "product",
                "url": "https://assets.axfood.se/image/upload/f_auto,t_200/05711953186110_C1L1_s01",
                "altText": null,
                "galleryIndex": null,
                "width": null
            },
            "ranking": 320.59043444114,
            "depositPrice": "",
            "averageWeight": null,
            "comparePrice": "79,80 kr",
            "comparePriceUnit": "l",
            "isDrugProduct": false,
            "solrSearchScore": 1.8396117687225342,
            "energyDeclaration": null,
            "newsSplashProduct": false,
            "notAllowedB2b": false,
            "notAllowedAnonymous": false,
            "productLine2": "KELDA, 5dl",
            "pickupProductLine2": "KELDA, 5dl",
            "priceUnit": "kr/st",
            "priceNoUnit": "39,90",
            "savingsAmount": 10.0,
            "googleAnalyticsCategory": "",
            "gdprTrackingIncompliant": false,
            "tobaccoProduct": false,
            "showGoodPriceIcon": false,
            "nicotineMedicalProduct": false,
            "tobaccoFreeNicotineProduct": false,
            "nonEkoProduct": false,
            "precautionaryStatements": [],
            "hazards": [],
            "labels": [],
            "seoDescription": "",
            "seoTitle": "",
            "manufacturer": "Kelda",
            "incrementValue": 1.0,
            "productBasketType": {
                "code": "ST",
                "type": "ProductBasketTypeEnum"
            },
            "bargainProduct": false,
            "addToCartMessage": "",
            "thumbnail": {
                "imageType": "PRIMARY",
                "format": "thumbnail",
                "url": "https://assets.axfood.se/image/upload/f_auto,t_100/05711953186110_C1L1_s01",
                "altText": null,
                "galleryIndex": null,
                "width": null
            },
            "outOfStock": false,
            "online": true,
            "displayVolume": "5dl",
            "addToCartDisabled": false,
            "name": "Mild Ost Pastasås",
            "code": "101595440_ST"
        },
        {
            "potentialPromotions": [
                {
                    "threshold": null,
                    "applied": false,
                    "campaignType": "GENERAL",
                    "offerStatus": null,
                    "productCodes": [
                        "101263072_ST"
                    ],
                    "promotionTheme": {
                        "code": "Z001",
                        "visible": null
                    },
                    "lowestHistoricalPrice": {
                        "currencyIso": "SEK",
                        "value": 39.9,
                        "priceType": "BUY",
                        "formattedValue": "39,90 kr",
                        "minQuantity": null,
                        "maxQuantity": null
                    },
                    "textLabelGenerated": "",
                    "textLabelManual": null,
                    "price": {
                        "currencyIso": "SEK",
                        "value": 34.9,
                        "priceType": "BUY",
                        "formattedValue": "34,90 kr",
                        "minQuantity": null,
                        "maxQuantity": null
                    },
                    "promotionType": "MixMatchPricePromotion",
                    "conditionLabel": "Spara 5,00 kr/st",
                    "rewardLabel": "34,90/st",
                    "textLabel": "",
                    "redeemLimitLabel": "",
                    "cartLabel": null,
                    "validUntil": null,
                    "timesUsed": null,
                    "qualifyingCount": 1,
                    "comparePrice": "93,07 kr",
                    "splashTitleText": "Kampanj",
                    "realMixAndMatch": false,
                    "mainProductCode": "101263072_ST",
                    "conditionLabelFormatted": "",
                    "promotionRedeemLimit": null,
                    "promotionPercentage": null,
                    "cartLabelFormatted": "",
                    "priority": 408,
                    "code": "2500269813"
                }
            ],
            "inactivePotentialPromotions": [],
            "priceValue": 39.9,
            "price": "39,90 kr",
            "image": {
                "imageType": "PRIMARY",
                "format": "product",
                "url": "https://assets.axfood.se/image/upload/f_auto,t_200/07340083456046_C1N1_s02",
                "altText": null,
                "galleryIndex": null,
                "width": null
            },
            "ranking": 320.57042428306,
            "depositPrice": "",
            "averageWeight": null,
            "comparePrice": "106,40 kr",
            "comparePriceUnit": "kg",
            "isDrugProduct": false,
            "solrSearchScore": 0.6426547169685364,
            "energyDeclaration": null,
            "newsSplashProduct": false,
            "notAllowedB2b": false,
            "notAllowedAnonymous": false,
            "productLine2": "PRIME PATROL, 375g",
            "pickupProductLine2": "PRIME PATROL, 375g",
            "priceUnit": "kr/st",
            "priceNoUnit": "39,90",
            "savingsAmount": 5.0,
            "googleAnalyticsCategory": "",
            "gdprTrackingIncompliant": false,
            "tobaccoProduct": false,
            "showGoodPriceIcon": false,
            "nicotineMedicalProduct": false,
            "tobaccoFreeNicotineProduct": false,
            "nonEkoProduct": false,
            "precautionaryStatements": [],
            "hazards": [],
            "labels": [],
            "seoDescription": "",
            "seoTitle": "",
            "manufacturer": "Prime Patrol",
            "incrementValue": 1.0,
            "productBasketType": {
                "code": "ST",
                "type": "ProductBasketTypeEnum"
            },
            "bargainProduct": false,
            "addToCartMessage": "",
            "thumbnail": {
                "imageType": "PRIMARY",
                "format": "thumbnail",
                "url": "https://assets.axfood.se/image/upload/f_auto,t_100/07340083456046_C1N1_s02",
                "altText": null,
                "galleryIndex": null,
                "width": null
            },
            "outOfStock": false,
            "online": true,
            "displayVolume": "375g",
            "addToCartDisabled": false,
            "name": "Stekfläsk Rimmat Skivat",
            "code": "101263072_ST"
        },
        {
            "potentialPromotions": [
                {
                    "threshold": null,
                    "applied": false,
                    "campaignType": "GENERAL",
                    "offerStatus": null,
                    "productCodes": [
                        "101244466_ST",
                        "101285803_ST"
                    ],
                    "promotionTheme": {
                        "code": "Z062",
                        "visible": null
                    },
                    "lowestHistoricalPrice": null,
                    "textLabelGenerated": "",
                    "textLabelManual": null,
                    "price": {
                        "currencyIso": "SEK",
                        "value": 57.9,
                        "priceType": "BUY",
                        "formattedValue": "57,90 kr",
                        "minQuantity": null,
                        "maxQuantity": null
                    },
                    "promotionType": "MixMatchPricePromotion",
                    "conditionLabel": "Spara 7,00 kr/st",
                    "rewardLabel": "57,90/st",
                    "textLabel": "",
                    "redeemLimitLabel": "",
                    "cartLabel": null,
                    "validUntil": null,
                    "timesUsed": null,
                    "qualifyingCount": 1,
                    "comparePrice": "263,18 kr",
                    "splashTitleText": "",
                    "realMixAndMatch": false,
                    "mainProductCode": "101244466_ST",
                    "conditionLabelFormatted": "",
                    "promotionRedeemLimit": null,
                    "promotionPercentage": null,
                    "cartLabelFormatted": "",
                    "priority": 408,
                    "code": "2500273866"
                }
            ],
            "inactivePotentialPromotions": [],
            "priceValue": 64.9,
            "price": "64,90 kr",
            "image": {
                "imageType": "PRIMARY",
                "format": "product",
                "url": "https://assets.axfood.se/image/upload/f_auto,t_200/07391196007922_C1N1_s06",
                "altText": null,
                "galleryIndex": null,
                "width": null
            },
            "ranking": 320.56098775442,
            "depositPrice": "",
            "averageWeight": null,
            "comparePrice": "295,00 kr",
            "comparePriceUnit": "kg",
            "isDrugProduct": false,
            "solrSearchScore": 0.6426547169685364,
            "energyDeclaration": null,
            "newsSplashProduct": false,
            "notAllowedB2b": false,
            "notAllowedAnonymous": false,
            "productLine2": "JAKOBSDALS, 220g",
            "pickupProductLine2": "JAKOBSDALS, 220g",
            "priceUnit": "kr/st",
            "priceNoUnit": "64,90",
            "savingsAmount": 7.0,
            "googleAnalyticsCategory": "",
            "gdprTrackingIncompliant": false,
            "tobaccoProduct": false,
            "showGoodPriceIcon": false,
            "nicotineMedicalProduct": false,
            "tobaccoFreeNicotineProduct": false,
            "nonEkoProduct": false,
            "precautionaryStatements": [],
            "hazards": [],
            "labels": [
                "swedish_flag",
                "meat_from_sweden"
            ],
            "seoDescription": "",
            "seoTitle": "",
            "manufacturer": "Jakobsdals",
            "incrementValue": 1.0,
            "productBasketType": {
                "code": "ST",
                "type": "ProductBasketTypeEnum"
            },
            "bargainProduct": false,
            "addToCartMessage": "",
            "thumbnail": {
                "imageType": "PRIMARY",
                "format": "thumbnail",
                "url": "https://assets.axfood.se/image/upload/f_auto,t_100/07391196007922_C1N1_s06",
                "altText": null,
                "galleryIndex": null,
                "width": null
            },
            "outOfStock": false,
            "online": true,
            "displayVolume": "220g",
            "addToCartDisabled": false,
            "name": "Julskinka Mor Matildas Skivad",
            "code": "101244466_ST"
        },
        {
            "potentialPromotions": [
                {
                    "threshold": null,
                    "applied": false,
                    "campaignType": "GENERAL",
                    "offerStatus": null,
                    "productCodes": [
                        "101336169_ST",
                        "101336170_ST"
                    ],
                    "promotionTheme": {
                        "code": "Z001",
                        "visible": null
                    },
                    "lowestHistoricalPrice": {
                        "currencyIso": "SEK",
                        "value": 44.9,
                        "priceType": "BUY",
                        "formattedValue": "44,90 kr",
                        "minQuantity": null,
                        "maxQuantity": null
                    },
                    "textLabelGenerated": "",
                    "textLabelManual": null,
                    "price": {
                        "currencyIso": "SEK",
                        "value": 39.9,
                        "priceType": "BUY",
                        "formattedValue": "39,90 kr",
                        "minQuantity": null,
                        "maxQuantity": null
                    },
                    "promotionType": "MixMatchPricePromotion",
                    "conditionLabel": "Spara 5,00 kr/st",
                    "rewardLabel": "39,90/st",
                    "textLabel": "",
                    "redeemLimitLabel": "",
                    "cartLabel": null,
                    "validUntil": null,
                    "timesUsed": null,
                    "qualifyingCount": 1,
                    "comparePrice": "88,67 kr",
                    "splashTitleText": "Kampanj",
                    "realMixAndMatch": false,
                    "mainProductCode": "101336169_ST",
                    "conditionLabelFormatted": "",
                    "promotionRedeemLimit": null,
                    "promotionPercentage": null,
                    "cartLabelFormatted": "",
                    "priority": 408,
                    "code": "2500269803"
                }
            ],
            "inactivePotentialPromotions": [],
            "priceValue": 44.9,
            "price": "44,90 kr",
            "image": {
                "imageType": "PRIMARY",
                "format": "product",
                "url": "https://assets.axfood.se/image/upload/f_auto,t_200/05707196272932_C1N1_s05",
                "altText": null,
                "galleryIndex": null,
                "width": null
            },
            "ranking": 320.56042461074,
            "depositPrice": "",
            "averageWeight": null,
            "comparePrice": "99,78 kr",
            "comparePriceUnit": "kg",
            "isDrugProduct": false,
            "solrSearchScore": 0.6426547169685364,
            "energyDeclaration": null,
            "newsSplashProduct": false,
            "notAllowedB2b": false,
            "notAllowedAnonymous": false,
            "productLine2": "GÖL, 450g",
            "pickupProductLine2": "GÖL, 450g",
            "priceUnit": "kr/st",
            "priceNoUnit": "44,90",
            "savingsAmount": 5.0,
            "googleAnalyticsCategory": "",
            "gdprTrackingIncompliant": false,
            "tobaccoProduct": false,
            "showGoodPriceIcon": false,
            "nicotineMedicalProduct": false,
            "tobaccoFreeNicotineProduct": false,
            "nonEkoProduct": false,
            "precautionaryStatements": [],
            "hazards": [],
            "labels": [],
            "seoDescription": "",
            "seoTitle": "",
            "manufacturer": "Göl",
            "incrementValue": 1.0,
            "productBasketType": {
                "code": "ST",
                "type": "ProductBasketTypeEnum"
            },
            "bargainProduct": false,
            "addToCartMessage": "",
            "thumbnail": {
                "imageType": "PRIMARY",
                "format": "thumbnail",
                "url": "https://assets.axfood.se/image/upload/f_auto,t_100/05707196272932_C1N1_s05",
                "altText": null,
                "galleryIndex": null,
                "width": null
            },
            "outOfStock": false,
            "online": true,
            "displayVolume": "450g",
            "addToCartDisabled": false,
            "name": "Chorizo",
            "code": "101336169_ST"
        },
        {
            "potentialPromotions": [
                {
                    "threshold": null,
                    "applied": false,
                    "campaignType": "GENERAL",
                    "offerStatus": null,
                    "productCodes": [
                        "101615494_ST"
                    ],
                    "promotionTheme": {
                        "code": "Z001",
                        "visible": null
                    },
                    "lowestHistoricalPrice": {
                        "currencyIso": "SEK",
                        "value": 56.9,
                        "priceType": "BUY",
                        "formattedValue": "56,90 kr",
                        "minQuantity": null,
                        "maxQuantity": null
                    },
                    "textLabelGenerated": "",
                    "textLabelManual": null,
                    "price": {
                        "currencyIso": "SEK",
                        "value": 49.9,
                        "priceType": "BUY",
                        "formattedValue": "49,90 kr",
                        "minQuantity": null,
                        "maxQuantity": null
                    },
                    "promotionType": "MixMatchPricePromotion",
                    "conditionLabel": "Spara 7,00 kr/st",
                    "rewardLabel": "49,90/st",
                    "textLabel": "",
                    "redeemLimitLabel": "",
                    "cartLabel": null,
                    "validUntil": null,
                    "timesUsed": null,
                    "qualifyingCount": 1,
                    "comparePrice": "103,96 kr",
                    "splashTitleText": "Kampanj",
                    "realMixAndMatch": false,
                    "mainProductCode": "101615494_ST",
                    "conditionLabelFormatted": "",
                    "promotionRedeemLimit": null,
                    "promotionPercentage": null,
                    "cartLabelFormatted": "",
                    "priority": 408,
                    "code": "2500268717"
                }
            ],
            "inactivePotentialPromotions": [],
            "priceValue": 56.9,
            "price": "56,90 kr",
            "image": {
                "imageType": "PRIMARY",
                "format": "product",
                "url": "https://assets.axfood.se/image/upload/f_auto,t_200/07312740066288_C1L1_s01",
                "altText": null,
                "galleryIndex": null,
                "width": null
            },
            "ranking": 320.5504285429,
            "depositPrice": "",
            "averageWeight": null,
            "comparePrice": "118,54 kr",
            "comparePriceUnit": "kg",
            "isDrugProduct": false,
            "solrSearchScore": 0.6426547169685364,
            "energyDeclaration": null,
            "newsSplashProduct": false,
            "notAllowedB2b": false,
            "notAllowedAnonymous": false,
            "productLine2": "FISKERIET, 480g",
            "pickupProductLine2": "FISKERIET, 480g",
            "priceUnit": "kr/st",
            "priceNoUnit": "56,90",
            "savingsAmount": 7.0,
            "googleAnalyticsCategory": "",
            "gdprTrackingIncompliant": false,
            "tobaccoProduct": false,
            "showGoodPriceIcon": false,
            "nicotineMedicalProduct": false,
            "tobaccoFreeNicotineProduct": false,
            "nonEkoProduct": true,
            "precautionaryStatements": [],
            "hazards": [],
            "labels": [
                "msc_fish",
                "frozen",
                "environmental_facet"
            ],
            "seoDescription": "",
            "seoTitle": "",
            "manufacturer": "Fiskeriet",
            "incrementValue": 1.0,
            "productBasketType": {
                "code": "ST",
                "type": "ProductBasketTypeEnum"
            },
            "bargainProduct": false,
            "addToCartMessage": "",
            "thumbnail": {
                "imageType": "PRIMARY",
                "format": "thumbnail",
                "url": "https://assets.axfood.se/image/upload/f_auto,t_100/07312740066288_C1L1_s01",
                "altText": null,
                "galleryIndex": null,
                "width": null
            },
            "outOfStock": false,
            "online": true,
            "displayVolume": "480g",
            "addToCartDisabled": false,
            "name": "Fish &chips Filèer",
            "code": "101615494_ST"
        },
        {
            "potentialPromotions": [
                {
                    "threshold": null,
                    "applied": false,
                    "campaignType": "GENERAL",
                    "offerStatus": null,
                    "productCodes": [
                        "101801142_ST",
                        "101801143_ST"
                    ],
                    "promotionTheme": {
                        "code": "Z001",
                        "visible": null
                    },
                    "lowestHistoricalPrice": {
                        "currencyIso": "SEK",
                        "value": 87.9,
                        "priceType": "BUY",
                        "formattedValue": "87,90 kr",
                        "minQuantity": null,
                        "maxQuantity": null
                    },
                    "textLabelGenerated": "",
                    "textLabelManual": null,
                    "price": {
                        "currencyIso": "SEK",
                        "value": 69.9,
                        "priceType": "BUY",
                        "formattedValue": "69,90 kr",
                        "minQuantity": null,
                        "maxQuantity": null
                    },
                    "promotionType": "MixMatchPricePromotion",
                    "conditionLabel": "Spara 18,00 kr/st",
                    "rewardLabel": "69,90/st",
                    "textLabel": "",
                    "redeemLimitLabel": "",
                    "cartLabel": null,
                    "validUntil": null,
                    "timesUsed": null,
                    "qualifyingCount": 1,
                    "comparePrice": "279,60 kr",
                    "splashTitleText": "Kampanj",
                    "realMixAndMatch": false,
                    "mainProductCode": "101801142_ST",
                    "conditionLabelFormatted": "",
                    "promotionRedeemLimit": null,
                    "promotionPercentage": null,
                    "cartLabelFormatted": "",
                    "priority": 408,
                    "code": "2500268005"
                }
            ],
            "inactivePotentialPromotions": [],
            "priceValue": 87.9,
            "price": "87,90 kr",
            "image": {
                "imageType": "PRIMARY",
                "format": "product",
                "url": "https://assets.axfood.se/image/upload/f_auto,t_200/07310500191560_C1N1_s01",
                "altText": null,
                "galleryIndex": null,
                "width": null
            },
            "ranking": 320.54042919826,
            "depositPrice": "",
            "averageWeight": null,
            "comparePrice": "351,60 kr",
            "comparePriceUnit": "kg",
            "isDrugProduct": false,
            "solrSearchScore": 0.6426547169685364,
            "energyDeclaration": null,
            "newsSplashProduct": false,
            "notAllowedB2b": false,
            "notAllowedAnonymous": false,
            "productLine2": "FINDUS, 250g",
            "pickupProductLine2": "FINDUS, 250g",
            "priceUnit": "kr/st",
            "priceNoUnit": "87,90",
            "savingsAmount": 18.0,
            "googleAnalyticsCategory": "",
            "gdprTrackingIncompliant": false,
            "tobaccoProduct": false,
            "showGoodPriceIcon": false,
            "nicotineMedicalProduct": false,
            "tobaccoFreeNicotineProduct": false,
            "nonEkoProduct": true,
            "precautionaryStatements": [],
            "hazards": [],
            "labels": [
                "asc_fish",
                "frozen",
                "environmental_facet"
            ],
            "seoDescription": "",
            "seoTitle": "",
            "manufacturer": "Findus",
            "incrementValue": 1.0,
            "productBasketType": {
                "code": "ST",
                "type": "ProductBasketTypeEnum"
            },
            "bargainProduct": false,
            "addToCartMessage": "",
            "thumbnail": {
                "imageType": "PRIMARY",
                "format": "thumbnail",
                "url": "https://assets.axfood.se/image/upload/f_auto,t_100/07310500191560_C1N1_s01",
                "altText": null,
                "galleryIndex": null,
                "width": null
            },
            "outOfStock": false,
            "online": true,
            "displayVolume": "250g",
            "addToCartDisabled": false,
            "name": "Laxfilè",
            "code": "101801142_ST"
        },
        {
            "potentialPromotions": [
                {
                    "threshold": null,
                    "applied": false,
                    "campaignType": "GENERAL",
                    "offerStatus": null,
                    "productCodes": [
                        "101801378_ST",
                        "101801380_ST"
                    ],
                    "promotionTheme": {
                        "code": "Z001",
                        "visible": null
                    },
                    "lowestHistoricalPrice": {
                        "currencyIso": "SEK",
                        "value": 59.9,
                        "priceType": "BUY",
                        "formattedValue": "59,90 kr",
                        "minQuantity": null,
                        "maxQuantity": null
                    },
                    "textLabelGenerated": "",
                    "textLabelManual": null,
                    "price": {
                        "currencyIso": "SEK",
                        "value": 52.9,
                        "priceType": "BUY",
                        "formattedValue": "52,90 kr",
                        "minQuantity": null,
                        "maxQuantity": null
                    },
                    "promotionType": "MixMatchPricePromotion",
                    "conditionLabel": "Spara 7,00 kr/st",
                    "rewardLabel": "52,90/st",
                    "textLabel": "",
                    "redeemLimitLabel": "",
                    "cartLabel": null,
                    "validUntil": null,
                    "timesUsed": null,
                    "qualifyingCount": 1,
                    "comparePrice": "80,15 kr",
                    "splashTitleText": "Kampanj",
                    "realMixAndMatch": false,
                    "mainProductCode": "101801378_ST",
                    "conditionLabelFormatted": "",
                    "promotionRedeemLimit": null,
                    "promotionPercentage": null,
                    "cartLabelFormatted": "",
                    "priority": 408,
                    "code": "2500269393"
                }
            ],
            "inactivePotentialPromotions": [],
            "priceValue": 59.9,
            "price": "59,90 kr",
            "image": {
                "imageType": "PRIMARY",
                "format": "product",
                "url": "https://assets.axfood.se/image/upload/f_auto,t_200/07310960052692_C1R1_s02",
                "altText": null,
                "galleryIndex": null,
                "width": null
            },
            "ranking": 320.53042887058,
            "depositPrice": "",
            "averageWeight": null,
            "comparePrice": "90,76 kr",
            "comparePriceUnit": "kg",
            "isDrugProduct": false,
            "solrSearchScore": 0.6426547169685364,
            "energyDeclaration": null,
            "newsSplashProduct": false,
            "notAllowedB2b": false,
            "notAllowedAnonymous": false,
            "productLine2": "BILLYS, 660g",
            "pickupProductLine2": "BILLYS, 660g",
            "priceUnit": "kr/st",
            "priceNoUnit": "59,90",
            "savingsAmount": 7.0,
            "googleAnalyticsCategory": "",
            "gdprTrackingIncompliant": false,
            "tobaccoProduct": false,
            "showGoodPriceIcon": false,
            "nicotineMedicalProduct": false,
            "tobaccoFreeNicotineProduct": false,
            "nonEkoProduct": false,
            "precautionaryStatements": [],
            "hazards": [],
            "labels": [
                "frozen"
            ],
            "seoDescription": "",
            "seoTitle": "",
            "manufacturer": "Billys",
            "incrementValue": 1.0,
            "productBasketType": {
                "code": "ST",
                "type": "ProductBasketTypeEnum"
            },
            "bargainProduct": false,
            "addToCartMessage": "",
            "thumbnail": {
                "imageType": "PRIMARY",
                "format": "thumbnail",
                "url": "https://assets.axfood.se/image/upload/f_auto,t_100/07310960052692_C1R1_s02",
                "altText": null,
                "galleryIndex": null,
                "width": null
            },
            "outOfStock": false,
            "online": true,
            "displayVolume": "660g",
            "addToCartDisabled": false,
            "name": "Cheese & Pesto Pizza Super Size Fryst",
            "code": "101801378_ST"
        },
        {
            "potentialPromotions": [
                {
                    "threshold": null,
                    "applied": false,
                    "campaignType": "LOYALTY",
                    "offerStatus": null,
                    "productCodes": [
                        "101240779_ST",
                        "101267099_ST",
                        "101296457_ST",
                        "101240736_ST",
                        "101496144_ST"
                    ],
                    "promotionTheme": {
                        "code": "Z020",
                        "visible": null
                    },
                    "lowestHistoricalPrice": null,
                    "textLabelGenerated": "Klubbpris",
                    "textLabelManual": null,
                    "price": {
                        "currencyIso": "SEK",
                        "value": 11.0,
                        "priceType": "BUY",
                        "formattedValue": "11,00 kr",
                        "minQuantity": null,
                        "maxQuantity": null
                    },
                    "promotionType": "MixMatchPricePromotion",
                    "conditionLabel": "Välj & blanda! 2 för",
                    "rewardLabel": "22,00",
                    "textLabel": "",
                    "redeemLimitLabel": "Max 3 köp",
                    "cartLabel": null,
                    "validUntil": null,
                    "timesUsed": null,
                    "qualifyingCount": 2,
                    "comparePrice": "73,33 kr",
                    "splashTitleText": "",
                    "realMixAndMatch": true,
                    "mainProductCode": "101240779_ST",
                    "conditionLabelFormatted": "2 för",
                    "promotionRedeemLimit": null,
                    "promotionPercentage": null,
                    "cartLabelFormatted": "",
                    "priority": 608,
                    "code": "2500269710"
                }
            ],
            "inactivePotentialPromotions": [],
            "priceValue": 19.9,
            "price": "19,90 kr",
            "image": {
                "imageType": "PRIMARY",
                "format": "product",
                "url": "https://assets.axfood.se/image/upload/f_auto,t_200/05711953029912_C1C1_s07",
                "altText": null,
                "galleryIndex": null,
                "width": null
            },
            "ranking": 320.52044132242,
            "depositPrice": "",
            "averageWeight": null,
            "comparePrice": "132,67 kr",
            "comparePriceUnit": "kg",
            "isDrugProduct": false,
            "solrSearchScore": 1.8396117687225342,
            "energyDeclaration": null,
            "newsSplashProduct": false,
            "notAllowedB2b": false,
            "notAllowedAnonymous": false,
            "productLine2": "ARLA, 150g",
            "pickupProductLine2": "ARLA, 150g",
            "priceUnit": "kr/st",
            "priceNoUnit": "19,90",
            "savingsAmount": 17.8,
            "googleAnalyticsCategory": "",
            "gdprTrackingIncompliant": false,
            "tobaccoProduct": false,
            "showGoodPriceIcon": false,
            "nicotineMedicalProduct": false,
            "tobaccoFreeNicotineProduct": false,
            "nonEkoProduct": false,
            "precautionaryStatements": [],
            "hazards": [],
            "labels": [],
            "seoDescription": "",
            "seoTitle": "",
            "manufacturer": "Arla",
            "incrementValue": 1.0,
            "productBasketType": {
                "code": "ST",
                "type": "ProductBasketTypeEnum"
            },
            "bargainProduct": false,
            "addToCartMessage": "",
            "thumbnail": {
                "imageType": "PRIMARY",
                "format": "thumbnail",
                "url": "https://assets.axfood.se/image/upload/f_auto,t_100/05711953029912_C1C1_s07",
                "altText": null,
                "galleryIndex": null,
                "width": null
            },
            "outOfStock": false,
            "online": true,
            "displayVolume": "150g",
            "addToCartDisabled": false,
            "name": "Naturell Färskost 23%",
            "code": "101240779_ST"
        },
        {
            "potentialPromotions": [
                {
                    "threshold": null,
                    "applied": false,
                    "campaignType": "LOYALTY",
                    "offerStatus": null,
                    "productCodes": [
                        "101289460_ST"
                    ],
                    "promotionTheme": {
                        "code": "Z020",
                        "visible": null
                    },
                    "lowestHistoricalPrice": {
                        "currencyIso": "SEK",
                        "value": 29.9,
                        "priceType": "BUY",
                        "formattedValue": "29,90 kr",
                        "minQuantity": null,
                        "maxQuantity": null
                    },
                    "textLabelGenerated": "",
                    "textLabelManual": null,
                    "price": {
                        "currencyIso": "SEK",
                        "value": 19.9,
                        "priceType": "BUY",
                        "formattedValue": "19,90 kr",
                        "minQuantity": null,
                        "maxQuantity": null
                    },
                    "promotionType": "MixMatchPricePromotion",
                    "conditionLabel": "Spara 10,00 kr/st",
                    "rewardLabel": "19,90/st",
                    "textLabel": "",
                    "redeemLimitLabel": "Max 5 köp",
                    "cartLabel": null,
                    "validUntil": null,
                    "timesUsed": null,
                    "qualifyingCount": 1,
                    "comparePrice": "39,80 kr",
                    "splashTitleText": "",
                    "realMixAndMatch": false,
                    "mainProductCode": "101289460_ST",
                    "conditionLabelFormatted": "",
                    "promotionRedeemLimit": null,
                    "promotionPercentage": null,
                    "cartLabelFormatted": "",
                    "priority": 608,
                    "code": "2500269763"
                }
            ],
            "inactivePotentialPromotions": [],
            "priceValue": 29.9,
            "price": "29,90 kr",
            "image": {
                "imageType": "PRIMARY",
                "format": "product",
                "url": "https://assets.axfood.se/image/upload/f_auto,t_200/07340083473050_C1L1_s01",
                "altText": null,
                "galleryIndex": null,
                "width": null
            },
            "ranking": 320.51044197778,
            "depositPrice": "",
            "averageWeight": null,
            "comparePrice": "59,80 kr",
            "comparePriceUnit": "kg",
            "isDrugProduct": false,
            "solrSearchScore": 1.8396117687225342,
            "energyDeclaration": null,
            "newsSplashProduct": false,
            "notAllowedB2b": false,
            "notAllowedAnonymous": false,
            "productLine2": "GARANT EKO, 500g",
            "pickupProductLine2": "GARANT EKO, 500g",
            "priceUnit": "kr/st",
            "priceNoUnit": "29,90",
            "savingsAmount": 10.0,
            "googleAnalyticsCategory": "",
            "gdprTrackingIncompliant": false,
            "tobaccoProduct": false,
            "showGoodPriceIcon": false,
            "nicotineMedicalProduct": false,
            "tobaccoFreeNicotineProduct": false,
            "nonEkoProduct": false,
            "precautionaryStatements": [],
            "hazards": [],
            "labels": [
                "ecological",
                "eu_ecological",
                "keyhole"
            ],
            "seoDescription": "",
            "seoTitle": "",
            "manufacturer": "Garant Eko",
            "incrementValue": 1.0,
            "productBasketType": {
                "code": "ST",
                "type": "ProductBasketTypeEnum"
            },
            "bargainProduct": false,
            "addToCartMessage": "",
            "thumbnail": {
                "imageType": "PRIMARY",
                "format": "thumbnail",
                "url": "https://assets.axfood.se/image/upload/f_auto,t_100/07340083473050_C1L1_s01",
                "altText": null,
                "galleryIndex": null,
                "width": null
            },
            "outOfStock": false,
            "online": true,
            "displayVolume": "500g",
            "addToCartDisabled": false,
            "name": "Kikärtor",
            "code": "101289460_ST"
        },
        {
            "potentialPromotions": [
                {
                    "threshold": null,
                    "applied": false,
                    "campaignType": "LOYALTY",
                    "offerStatus": null,
                    "productCodes": [
                        "101662318_ST"
                    ],
                    "promotionTheme": {
                        "code": "Z020",
                        "visible": null
                    },
                    "lowestHistoricalPrice": {
                        "currencyIso": "SEK",
                        "value": 19.9,
                        "priceType": "BUY",
                        "formattedValue": "19,90 kr",
                        "minQuantity": null,
                        "maxQuantity": null
                    },
                    "textLabelGenerated": "",
                    "textLabelManual": null,
                    "price": {
                        "currencyIso": "SEK",
                        "value": 15.9,
                        "priceType": "BUY",
                        "formattedValue": "15,90 kr",
                        "minQuantity": null,
                        "maxQuantity": null
                    },
                    "promotionType": "MixMatchPricePromotion",
                    "conditionLabel": "Spara 4,00 kr/st",
                    "rewardLabel": "15,90/st",
                    "textLabel": "",
                    "redeemLimitLabel": "Max 3 köp",
                    "cartLabel": null,
                    "validUntil": null,
                    "timesUsed": null,
                    "qualifyingCount": 1,
                    "comparePrice": "31,80 kr",
                    "splashTitleText": "",
                    "realMixAndMatch": false,
                    "mainProductCode": "101662318_ST",
                    "conditionLabelFormatted": "",
                    "promotionRedeemLimit": null,
                    "promotionPercentage": null,
                    "cartLabelFormatted": "",
                    "priority": 608,
                    "code": "2500273851"
                }
            ],
            "inactivePotentialPromotions": [],
            "priceValue": 19.9,
            "price": "19,90 kr",
            "image": {
                "imageType": "PRIMARY",
                "format": "product",
                "url": "https://assets.axfood.se/image/upload/f_auto,t_200/07311043013883_C1L1_s01",
                "altText": null,
                "galleryIndex": null,
                "width": null
            },
            "ranking": 320.50043640722,
            "depositPrice": "",
            "averageWeight": null,
            "comparePrice": "39,80 kr",
            "comparePriceUnit": "kg",
            "isDrugProduct": false,
            "solrSearchScore": 1.8396117687225342,
            "energyDeclaration": null,
            "newsSplashProduct": false,
            "notAllowedB2b": false,
            "notAllowedAnonymous": false,
            "productLine2": "GARANT, 500g",
            "pickupProductLine2": "GARANT, 500g",
            "priceUnit": "kr/st",
            "priceNoUnit": "19,90",
            "savingsAmount": 4.0,
            "googleAnalyticsCategory": "",
            "gdprTrackingIncompliant": false,
            "tobaccoProduct": false,
            "showGoodPriceIcon": false,
            "nicotineMedicalProduct": false,
            "tobaccoFreeNicotineProduct": false,
            "nonEkoProduct": false,
            "precautionaryStatements": [],
            "hazards": [],
            "labels": [],
            "seoDescription": "",
            "seoTitle": "",
            "manufacturer": "Garant",
            "incrementValue": 1.0,
            "productBasketType": {
                "code": "ST",
                "type": "ProductBasketTypeEnum"
            },
            "bargainProduct": false,
            "addToCartMessage": "",
            "thumbnail": {
                "imageType": "PRIMARY",
                "format": "thumbnail",
                "url": "https://assets.axfood.se/image/upload/f_auto,t_100/07311043013883_C1L1_s01",
                "altText": null,
                "galleryIndex": null,
                "width": null
            },
            "outOfStock": false,
            "online": true,
            "displayVolume": "500g",
            "addToCartDisabled": false,
            "name": "Margarin Mat & Bak",
            "code": "101662318_ST"
        },
        {
            "potentialPromotions": [
                {
                    "threshold": null,
                    "applied": false,
                    "campaignType": "GENERAL",
                    "offerStatus": null,
                    "productCodes": [
                        "101231767_ST",
                        "101231766_ST",
                        "101231803_ST"
                    ],
                    "promotionTheme": {
                        "code": "Z001",
                        "visible": null
                    },
                    "lowestHistoricalPrice": null,
                    "textLabelGenerated": "",
                    "textLabelManual": null,
                    "price": {
                        "currencyIso": "SEK",
                        "value": 10.0,
                        "priceType": "BUY",
                        "formattedValue": "10,00 kr",
                        "minQuantity": null,
                        "maxQuantity": null
                    },
                    "promotionType": "MixMatchPricePromotion",
                    "conditionLabel": "Välj & blanda! 2 för",
                    "rewardLabel": "20,00",
                    "textLabel": "",
                    "redeemLimitLabel": "",
                    "cartLabel": null,
                    "validUntil": null,
                    "timesUsed": null,
                    "qualifyingCount": 2,
                    "comparePrice": "3,33 kr",
                    "splashTitleText": "Kampanj",
                    "realMixAndMatch": true,
                    "mainProductCode": "101231767_ST",
                    "conditionLabelFormatted": "2 för",
                    "promotionRedeemLimit": null,
                    "promotionPercentage": null,
                    "cartLabelFormatted": "",
                    "priority": 408,
                    "code": "2500269762"
                }
            ],
            "inactivePotentialPromotions": [],
            "priceValue": 11.9,
            "price": "11,90 kr",
            "image": {
                "imageType": "PRIMARY",
                "format": "product",
                "url": "https://assets.axfood.se/image/upload/f_auto,t_200/07340083443268_C1N1_s01",
                "altText": null,
                "galleryIndex": null,
                "width": null
            },
            "ranking": 320.49042657682,
            "depositPrice": "",
            "averageWeight": null,
            "comparePrice": "3,97 kr",
            "comparePriceUnit": "l",
            "isDrugProduct": false,
            "solrSearchScore": 0.6426547169685364,
            "energyDeclaration": null,
            "newsSplashProduct": false,
            "notAllowedB2b": false,
            "notAllowedAnonymous": false,
            "productLine2": "GARANT EKO, 6p/3l",
            "pickupProductLine2": "GARANT EKO, 6p/3l",
            "priceUnit": "kr/st",
            "priceNoUnit": "11,90",
            "savingsAmount": 3.8,
            "googleAnalyticsCategory": "",
            "gdprTrackingIncompliant": false,
            "tobaccoProduct": false,
            "showGoodPriceIcon": false,
            "nicotineMedicalProduct": false,
            "tobaccoFreeNicotineProduct": false,
            "nonEkoProduct": false,
            "precautionaryStatements": [],
            "hazards": [],
            "labels": [
                "ecological",
                "eu_ecological"
            ],
            "seoDescription": "",
            "seoTitle": "",
            "manufacturer": "Garant Eko",
            "incrementValue": 1.0,
            "productBasketType": {
                "code": "ST",
                "type": "ProductBasketTypeEnum"
            },
            "bargainProduct": false,
            "addToCartMessage": "",
            "thumbnail": {
                "imageType": "PRIMARY",
                "format": "thumbnail",
                "url": "https://assets.axfood.se/image/upload/f_auto,t_100/07340083443268_C1N1_s01",
                "altText": null,
                "galleryIndex": null,
                "width": null
            },
            "outOfStock": false,
            "online": true,
            "displayVolume": "6p/3l",
            "addToCartDisabled": false,
            "name": "Grönsaks Buljong Tärningar",
            "code": "101231767_ST"
        },
        {
            "potentialPromotions": [
                {
                    "threshold": null,
                    "applied": false,
                    "campaignType": "GENERAL",
                    "offerStatus": null,
                    "productCodes": [
                        "101550534_ST",
                        "101542850_ST",
                        "101355534_ST",
                        "101708302_ST",
                        "101666917_ST",
                        "101599209_ST",
                        "101494447_ST",
                        "101311096_ST",
                        "101330942_ST",
                        "101550536_ST",
                        "101264914_ST",
                        "101781626_ST",
                        "101404983_ST",
                        "101246142_ST",
                        "101708303_ST"
                    ],
                    "promotionTheme": {
                        "code": "Z001",
                        "visible": null
                    },
                    "lowestHistoricalPrice": {
                        "currencyIso": "SEK",
                        "value": 18.9,
                        "priceType": "BUY",
                        "formattedValue": "18,90 kr",
                        "minQuantity": null,
                        "maxQuantity": null
                    },
                    "textLabelGenerated": "",
                    "textLabelManual": null,
                    "price": {
                        "currencyIso": "SEK",
                        "value": 15.0,
                        "priceType": "BUY",
                        "formattedValue": "15,00 kr",
                        "minQuantity": null,
                        "maxQuantity": null
                    },
                    "promotionType": "MixMatchPricePromotion",
                    "conditionLabel": "Spara 3,90 kr/st",
                    "rewardLabel": "15,00/st  +pant",
                    "textLabel": "",
                    "redeemLimitLabel": "",
                    "cartLabel": null,
                    "validUntil": null,
                    "timesUsed": null,
                    "qualifyingCount": 1,
                    "comparePrice": "45,45 kr",
                    "splashTitleText": "Kampanj",
                    "realMixAndMatch": false,
                    "mainProductCode": "101550534_ST",
                    "conditionLabelFormatted": "",
                    "promotionRedeemLimit": null,
                    "promotionPercentage": null,
                    "cartLabelFormatted": "",
                    "priority": 408,
                    "code": "2500257285"
                }
            ],
            "inactivePotentialPromotions": [],
            "priceValue": 18.9,
            "price": "18,90 kr",
            "image": {
                "imageType": "PRIMARY",
                "format": "product",
                "url": "https://assets.axfood.se/image/upload/f_auto,t_200/07340131603781_C1N1_s02",
                "altText": null,
                "galleryIndex": null,
                "width": null
            },
            "ranking": 320.48042952594,
            "depositPrice": "1,00 kr",
            "averageWeight": null,
            "comparePrice": "57,27 kr",
            "comparePriceUnit": "l",
            "isDrugProduct": false,
            "solrSearchScore": 0.6426547169685364,
            "energyDeclaration": null,
            "newsSplashProduct": false,
            "notAllowedB2b": false,
            "notAllowedAnonymous": false,
            "productLine2": "NOCCO, 33cl",
            "pickupProductLine2": "NOCCO, 33cl",
            "priceUnit": "kr/st",
            "priceNoUnit": "18,90",
            "savingsAmount": 3.9,
            "googleAnalyticsCategory": "",
            "gdprTrackingIncompliant": false,
            "tobaccoProduct": false,
            "showGoodPriceIcon": false,
            "nicotineMedicalProduct": false,
            "tobaccoFreeNicotineProduct": false,
            "nonEkoProduct": false,
            "precautionaryStatements": [],
            "hazards": [],
            "labels": [
                "age_restricted_15"
            ],
            "seoDescription": "",
            "seoTitle": "",
            "manufacturer": "Nocco",
            "incrementValue": 1.0,
            "productBasketType": {
                "code": "ST",
                "type": "ProductBasketTypeEnum"
            },
            "bargainProduct": false,
            "addToCartMessage": "",
            "thumbnail": {
                "imageType": "PRIMARY",
                "format": "thumbnail",
                "url": "https://assets.axfood.se/image/upload/f_auto,t_100/07340131603781_C1N1_s02",
                "altText": null,
                "galleryIndex": null,
                "width": null
            },
            "outOfStock": false,
            "online": true,
            "displayVolume": "33cl",
            "addToCartDisabled": false,
            "name": "Berruba Strawberry/rhubarb Energidryck, Burk",
            "code": "101550534_ST"
        },
        {
            "potentialPromotions": [
                {
                    "threshold": null,
                    "applied": false,
                    "campaignType": "GENERAL",
                    "offerStatus": null,
                    "productCodes": [
                        "101270776_ST"
                    ],
                    "promotionTheme": {
                        "code": "Z001",
                        "visible": null
                    },
                    "lowestHistoricalPrice": {
                        "currencyIso": "SEK",
                        "value": 39.9,
                        "priceType": "BUY",
                        "formattedValue": "39,90 kr",
                        "minQuantity": null,
                        "maxQuantity": null
                    },
                    "textLabelGenerated": "",
                    "textLabelManual": null,
                    "price": {
                        "currencyIso": "SEK",
                        "value": 34.9,
                        "priceType": "BUY",
                        "formattedValue": "34,90 kr",
                        "minQuantity": null,
                        "maxQuantity": null
                    },
                    "promotionType": "MixMatchPricePromotion",
                    "conditionLabel": "Spara 5,00 kr/st",
                    "rewardLabel": "34,90/st",
                    "textLabel": "",
                    "redeemLimitLabel": "",
                    "cartLabel": null,
                    "validUntil": null,
                    "timesUsed": null,
                    "qualifyingCount": 1,
                    "comparePrice": "46,53 kr",
                    "splashTitleText": "Kampanj",
                    "realMixAndMatch": false,
                    "mainProductCode": "101270776_ST",
                    "conditionLabelFormatted": "",
                    "promotionRedeemLimit": null,
                    "promotionPercentage": null,
                    "cartLabelFormatted": "",
                    "priority": 408,
                    "code": "2500269721"
                }
            ],
            "inactivePotentialPromotions": [],
            "priceValue": 39.9,
            "price": "39,90 kr",
            "image": {
                "imageType": "PRIMARY",
                "format": "product",
                "url": "https://assets.axfood.se/image/upload/f_auto,t_200/07311870652187_C1L1_s02",
                "altText": null,
                "galleryIndex": null,
                "width": null
            },
            "ranking": 320.47042821522,
            "depositPrice": "",
            "averageWeight": null,
            "comparePrice": "53,20 kr",
            "comparePriceUnit": "l",
            "isDrugProduct": false,
            "solrSearchScore": 0.6426547169685364,
            "energyDeclaration": null,
            "newsSplashProduct": false,
            "notAllowedB2b": false,
            "notAllowedAnonymous": false,
            "productLine2": "ARLA KÖKET, 7,5dl",
            "pickupProductLine2": "ARLA KÖKET, 7,5dl",
            "priceUnit": "kr/st",
            "priceNoUnit": "39,90",
            "savingsAmount": 5.0,
            "googleAnalyticsCategory": "",
            "gdprTrackingIncompliant": false,
            "tobaccoProduct": false,
            "showGoodPriceIcon": false,
            "nicotineMedicalProduct": false,
            "tobaccoFreeNicotineProduct": false,
            "nonEkoProduct": false,
            "precautionaryStatements": [],
            "hazards": [],
            "labels": [
                "keyhole"
            ],
            "seoDescription": "",
            "seoTitle": "",
            "manufacturer": "Arla Köket",
            "incrementValue": 1.0,
            "productBasketType": {
                "code": "ST",
                "type": "ProductBasketTypeEnum"
            },
            "bargainProduct": false,
            "addToCartMessage": "",
            "thumbnail": {
                "imageType": "PRIMARY",
                "format": "thumbnail",
                "url": "https://assets.axfood.se/image/upload/f_auto,t_100/07311870652187_C1L1_s02",
                "altText": null,
                "galleryIndex": null,
                "width": null
            },
            "outOfStock": false,
            "online": true,
            "displayVolume": "7,5dl",
            "addToCartDisabled": false,
            "name": "Smör-&rapsolja Flytande Original 80%",
            "code": "101270776_ST"
        },
        {
            "potentialPromotions": [
                {
                    "threshold": null,
                    "applied": false,
                    "campaignType": "GENERAL",
                    "offerStatus": null,
                    "productCodes": [
                        "101331048_ST",
                        "101331049_ST",
                        "101591147_ST",
                        "101591209_ST",
                        "101591210_ST"
                    ],
                    "promotionTheme": {
                        "code": "Z062",
                        "visible": null
                    },
                    "lowestHistoricalPrice": null,
                    "textLabelGenerated": "",
                    "textLabelManual": null,
                    "price": {
                        "currencyIso": "SEK",
                        "value": 8.333333333333334,
                        "priceType": "BUY",
                        "formattedValue": "8,33 kr",
                        "minQuantity": null,
                        "maxQuantity": null
                    },
                    "promotionType": "MixMatchPricePromotion",
                    "conditionLabel": "Välj & blanda! 3 för",
                    "rewardLabel": "25,00",
                    "textLabel": "",
                    "redeemLimitLabel": "",
                    "cartLabel": null,
                    "validUntil": null,
                    "timesUsed": null,
                    "qualifyingCount": 3,
                    "comparePrice": "33,33 kr",
                    "splashTitleText": "",
                    "realMixAndMatch": true,
                    "mainProductCode": "101331048_ST",
                    "conditionLabelFormatted": "3 för",
                    "promotionRedeemLimit": null,
                    "promotionPercentage": null,
                    "cartLabelFormatted": "",
                    "priority": 408,
                    "code": "2500271436"
                }
            ],
            "inactivePotentialPromotions": [],
            "priceValue": 9.9,
            "price": "9,90 kr",
            "image": {
                "imageType": "PRIMARY",
                "format": "product",
                "url": "https://assets.axfood.se/image/upload/f_auto,t_200/07340083486456_C1N1_s02",
                "altText": null,
                "galleryIndex": null,
                "width": null
            },
            "ranking": 320.46098283922,
            "depositPrice": "",
            "averageWeight": null,
            "comparePrice": "39,60 kr",
            "comparePriceUnit": "kg",
            "isDrugProduct": false,
            "solrSearchScore": 0.6426547169685364,
            "energyDeclaration": null,
            "newsSplashProduct": false,
            "notAllowedB2b": false,
            "notAllowedAnonymous": false,
            "productLine2": "ELDORADO, 250g",
            "pickupProductLine2": "ELDORADO, 250g",
            "priceUnit": "kr/st",
            "priceNoUnit": "9,90",
            "savingsAmount": 4.699999999999998,
            "googleAnalyticsCategory": "",
            "gdprTrackingIncompliant": false,
            "tobaccoProduct": false,
            "showGoodPriceIcon": false,
            "nicotineMedicalProduct": false,
            "tobaccoFreeNicotineProduct": false,
            "nonEkoProduct": false,
            "precautionaryStatements": [],
            "hazards": [],
            "labels": [
                "laktosfree"
            ],
            "seoDescription": "",
            "seoTitle": "",
            "manufacturer": "Eldorado",
            "incrementValue": 1.0,
            "productBasketType": {
                "code": "ST",
                "type": "ProductBasketTypeEnum"
            },
            "bargainProduct": false,
            "addToCartMessage": "",
            "thumbnail": {
                "imageType": "PRIMARY",
                "format": "thumbnail",
                "url": "https://assets.axfood.se/image/upload/f_auto,t_100/07340083486456_C1N1_s02",
                "altText": null,
                "galleryIndex": null,
                "width": null
            },
            "outOfStock": false,
            "online": true,
            "displayVolume": "250g",
            "addToCartDisabled": false,
            "name": "Jordgubb Drickyoghurt Laktosfri 0,8%",
            "code": "101331048_ST"
        },
        {
            "potentialPromotions": [
                {
                    "threshold": null,
                    "applied": false,
                    "campaignType": "GENERAL",
                    "offerStatus": null,
                    "productCodes": [
                        "101458935_ST"
                    ],
                    "promotionTheme": {
                        "code": "Z001",
                        "visible": null
                    },
                    "lowestHistoricalPrice": {
                        "currencyIso": "SEK",
                        "value": 15.9,
                        "priceType": "BUY",
                        "formattedValue": "15,90 kr",
                        "minQuantity": null,
                        "maxQuantity": null
                    },
                    "textLabelGenerated": "",
                    "textLabelManual": null,
                    "price": {
                        "currencyIso": "SEK",
                        "value": 13.9,
                        "priceType": "BUY",
                        "formattedValue": "13,90 kr",
                        "minQuantity": null,
                        "maxQuantity": null
                    },
                    "promotionType": "MixMatchPricePromotion",
                    "conditionLabel": "Spara 2,00 kr/st",
                    "rewardLabel": "13,90/st",
                    "textLabel": "",
                    "redeemLimitLabel": "",
                    "cartLabel": null,
                    "validUntil": null,
                    "timesUsed": null,
                    "qualifyingCount": 1,
                    "comparePrice": "99,29 kr",
                    "splashTitleText": "Kampanj",
                    "realMixAndMatch": false,
                    "mainProductCode": "101458935_ST",
                    "conditionLabelFormatted": "",
                    "promotionRedeemLimit": null,
                    "promotionPercentage": null,
                    "cartLabelFormatted": "",
                    "priority": 408,
                    "code": "2500269814"
                }
            ],
            "inactivePotentialPromotions": [],
            "priceValue": 15.9,
            "price": "15,90 kr",
            "image": {
                "imageType": "PRIMARY",
                "format": "product",
                "url": "https://assets.axfood.se/image/upload/f_auto,t_200/07311043001354_C1N1_s01",
                "altText": null,
                "galleryIndex": null,
                "width": null
            },
            "ranking": 320.46042395538,
            "depositPrice": "",
            "averageWeight": null,
            "comparePrice": "113,57 kr",
            "comparePriceUnit": "kg",
            "isDrugProduct": false,
            "solrSearchScore": 0.6426547169685364,
            "energyDeclaration": null,
            "newsSplashProduct": false,
            "notAllowedB2b": false,
            "notAllowedAnonymous": false,
            "productLine2": "GARANT, 140g",
            "pickupProductLine2": "GARANT, 140g",
            "priceUnit": "kr/st",
            "priceNoUnit": "15,90",
            "savingsAmount": 2.0,
            "googleAnalyticsCategory": "",
            "gdprTrackingIncompliant": false,
            "tobaccoProduct": false,
            "showGoodPriceIcon": false,
            "nicotineMedicalProduct": false,
            "tobaccoFreeNicotineProduct": false,
            "nonEkoProduct": false,
            "precautionaryStatements": [],
            "hazards": [],
            "labels": [
                "swedish_flag",
                "meat_from_sweden"
            ],
            "seoDescription": "",
            "seoTitle": "",
            "manufacturer": "Garant",
            "incrementValue": 1.0,
            "productBasketType": {
                "code": "ST",
                "type": "ProductBasketTypeEnum"
            },
            "bargainProduct": false,
            "addToCartMessage": "",
            "thumbnail": {
                "imageType": "PRIMARY",
                "format": "thumbnail",
                "url": "https://assets.axfood.se/image/upload/f_auto,t_100/07311043001354_C1N1_s01",
                "altText": null,
                "galleryIndex": null,
                "width": null
            },
            "outOfStock": false,
            "online": true,
            "displayVolume": "140g",
            "addToCartDisabled": false,
            "name": "Bacon Rökt & Tärnat",
            "code": "101458935_ST"
        },
        {
            "potentialPromotions": [
                {
                    "threshold": null,
                    "applied": false,
                    "campaignType": "GENERAL",
                    "offerStatus": null,
                    "productCodes": [
                        "101692632_ST",
                        "101692631_ST",
                        "101692630_ST"
                    ],
                    "promotionTheme": {
                        "code": "Z001",
                        "visible": null
                    },
                    "lowestHistoricalPrice": {
                        "currencyIso": "SEK",
                        "value": 29.9,
                        "priceType": "BUY",
                        "formattedValue": "29,90 kr",
                        "minQuantity": null,
                        "maxQuantity": null
                    },
                    "textLabelGenerated": "",
                    "textLabelManual": null,
                    "price": {
                        "currencyIso": "SEK",
                        "value": 24.9,
                        "priceType": "BUY",
                        "formattedValue": "24,90 kr",
                        "minQuantity": null,
                        "maxQuantity": null
                    },
                    "promotionType": "MixMatchPricePromotion",
                    "conditionLabel": "Spara 5,00 kr/st",
                    "rewardLabel": "24,90/st",
                    "textLabel": "",
                    "redeemLimitLabel": "",
                    "cartLabel": null,
                    "validUntil": null,
                    "timesUsed": null,
                    "qualifyingCount": 1,
                    "comparePrice": "88,93 kr",
                    "splashTitleText": "Kampanj",
                    "realMixAndMatch": false,
                    "mainProductCode": "101692632_ST",
                    "conditionLabelFormatted": "",
                    "promotionRedeemLimit": null,
                    "promotionPercentage": null,
                    "cartLabelFormatted": "",
                    "priority": 408,
                    "code": "2500273481"
                }
            ],
            "inactivePotentialPromotions": [],
            "priceValue": 29.9,
            "price": "29,90 kr",
            "image": {
                "imageType": "PRIMARY",
                "format": "product",
                "url": "https://assets.axfood.se/image/upload/f_auto,t_200/04770175485419_C1L1_s01",
                "altText": null,
                "galleryIndex": null,
                "width": null
            },
            "ranking": 320.45042067858,
            "depositPrice": "",
            "averageWeight": null,
            "comparePrice": "106,78 kr",
            "comparePriceUnit": "l",
            "isDrugProduct": false,
            "solrSearchScore": 0.6426547169685364,
            "energyDeclaration": null,
            "newsSplashProduct": false,
            "notAllowedB2b": false,
            "notAllowedAnonymous": false,
            "productLine2": "KAR KAR, 280ml",
            "pickupProductLine2": "KAR KAR, 280ml",
            "priceUnit": "kr/st",
            "priceNoUnit": "29,90",
            "savingsAmount": 5.0,
            "googleAnalyticsCategory": "",
            "gdprTrackingIncompliant": false,
            "tobaccoProduct": false,
            "showGoodPriceIcon": false,
            "nicotineMedicalProduct": false,
            "tobaccoFreeNicotineProduct": false,
            "nonEkoProduct": false,
            "precautionaryStatements": [],
            "hazards": [],
            "labels": [
                "rainforest_alliance",
                "frozen",
                "glutenfree",
                "environmental_facet"
            ],
            "seoDescription": "",
            "seoTitle": "",
            "manufacturer": "Kar Kar",
            "incrementValue": 1.0,
            "productBasketType": {
                "code": "ST",
                "type": "ProductBasketTypeEnum"
            },
            "bargainProduct": true,
            "addToCartMessage": "",
            "thumbnail": {
                "imageType": "PRIMARY",
                "format": "thumbnail",
                "url": "https://assets.axfood.se/image/upload/f_auto,t_100/04770175485419_C1L1_s01",
                "altText": null,
                "galleryIndex": null,
                "width": null
            },
            "outOfStock": false,
            "online": true,
            "displayVolume": "280ml",
            "addToCartDisabled": false,
            "name": "Glass Jordnötssmak 4p",
            "code": "101692632_ST"
        },
        {
            "potentialPromotions": [
                {
                    "threshold": null,
                    "applied": false,
                    "campaignType": "GENERAL",
                    "offerStatus": null,
                    "productCodes": [
                        "101813357_ST"
                    ],
                    "promotionTheme": {
                        "code": "Z001",
                        "visible": null
                    },
                    "lowestHistoricalPrice": {
                        "currencyIso": "SEK",
                        "value": 34.9,
                        "priceType": "BUY",
                        "formattedValue": "34,90 kr",
                        "minQuantity": null,
                        "maxQuantity": null
                    },
                    "textLabelGenerated": "",
                    "textLabelManual": null,
                    "price": {
                        "currencyIso": "SEK",
                        "value": 34.9,
                        "priceType": "BUY",
                        "formattedValue": "34,90 kr",
                        "minQuantity": null,
                        "maxQuantity": null
                    },
                    "promotionType": "MixMatchPricePromotion",
                    "conditionLabel": "",
                    "rewardLabel": "34,90/st",
                    "textLabel": "",
                    "redeemLimitLabel": "",
                    "cartLabel": null,
                    "validUntil": null,
                    "timesUsed": null,
                    "qualifyingCount": 1,
                    "comparePrice": "145,42 kr",
                    "splashTitleText": "Kampanj",
                    "realMixAndMatch": false,
                    "mainProductCode": "101813357_ST",
                    "conditionLabelFormatted": "",
                    "promotionRedeemLimit": null,
                    "promotionPercentage": null,
                    "cartLabelFormatted": "",
                    "priority": 408,
                    "code": "2500270611"
                }
            ],
            "inactivePotentialPromotions": [],
            "priceValue": 34.9,
            "price": "34,90 kr",
            "image": {
                "imageType": "PRIMARY",
                "format": "product",
                "url": "https://assets.axfood.se/image/upload/f_auto,t_200/04770175485839_C1L1_s01",
                "altText": null,
                "galleryIndex": null,
                "width": null
            },
            "ranking": 320.4404203509,
            "depositPrice": "",
            "averageWeight": null,
            "comparePrice": "145,42 kr",
            "comparePriceUnit": "l",
            "isDrugProduct": false,
            "solrSearchScore": 0.6426547169685364,
            "energyDeclaration": null,
            "newsSplashProduct": false,
            "notAllowedB2b": false,
            "notAllowedAnonymous": false,
            "productLine2": "DIONE, 240ml",
            "pickupProductLine2": "DIONE, 240ml",
            "priceUnit": "kr/st",
            "priceNoUnit": "34,90",
            "savingsAmount": 0.0,
            "googleAnalyticsCategory": "",
            "gdprTrackingIncompliant": false,
            "tobaccoProduct": false,
            "showGoodPriceIcon": false,
            "nicotineMedicalProduct": false,
            "tobaccoFreeNicotineProduct": false,
            "nonEkoProduct": false,
            "precautionaryStatements": [],
            "hazards": [],
            "labels": [
                "frozen"
            ],
            "seoDescription": "",
            "seoTitle": "",
            "manufacturer": "Dione",
            "incrementValue": 1.0,
            "productBasketType": {
                "code": "ST",
                "type": "ProductBasketTypeEnum"
            },
            "bargainProduct": true,
            "addToCartMessage": "",
            "thumbnail": {
                "imageType": "PRIMARY",
                "format": "thumbnail",
                "url": "https://assets.axfood.se/image/upload/f_auto,t_100/04770175485839_C1L1_s01",
                "altText": null,
                "galleryIndex": null,
                "width": null
            },
            "outOfStock": false,
            "online": true,
            "displayVolume": "240ml",
            "addToCartDisabled": false,
            "name": "Glass Vanilj",
            "code": "101813357_ST"
        },
        {
            "potentialPromotions": [
                {
                    "threshold": null,
                    "applied": false,
                    "campaignType": "GENERAL",
                    "offerStatus": null,
                    "productCodes": [
                        "101583772_ST"
                    ],
                    "promotionTheme": {
                        "code": "Z062",
                        "visible": null
                    },
                    "lowestHistoricalPrice": {
                        "currencyIso": "SEK",
                        "value": 59.9,
                        "priceType": "BUY",
                        "formattedValue": "59,90 kr",
                        "minQuantity": null,
                        "maxQuantity": null
                    },
                    "textLabelGenerated": "",
                    "textLabelManual": null,
                    "price": {
                        "currencyIso": "SEK",
                        "value": 49.9,
                        "priceType": "BUY",
                        "formattedValue": "49,90 kr",
                        "minQuantity": null,
                        "maxQuantity": null
                    },
                    "promotionType": "MixMatchPricePromotion",
                    "conditionLabel": "Spara 10,00 kr/st",
                    "rewardLabel": "49,90/st",
                    "textLabel": "",
                    "redeemLimitLabel": "",
                    "cartLabel": null,
                    "validUntil": null,
                    "timesUsed": null,
                    "qualifyingCount": 1,
                    "comparePrice": "199,60 kr",
                    "splashTitleText": "",
                    "realMixAndMatch": false,
                    "mainProductCode": "101583772_ST",
                    "conditionLabelFormatted": "",
                    "promotionRedeemLimit": null,
                    "promotionPercentage": null,
                    "cartLabelFormatted": "",
                    "priority": 408,
                    "code": "2500262152"
                }
            ],
            "inactivePotentialPromotions": [],
            "priceValue": 59.9,
            "price": "59,90 kr",
            "image": {
                "imageType": "PRIMARY",
                "format": "product",
                "url": "https://assets.axfood.se/image/upload/f_auto,t_200/07041111153981_C1N1_s01",
                "altText": null,
                "galleryIndex": null,
                "width": null
            },
            "ranking": 320.4375007733,
            "depositPrice": "",
            "averageWeight": null,
            "comparePrice": "239,60 kr",
            "comparePriceUnit": "kg",
            "isDrugProduct": false,
            "solrSearchScore": 0.6426547169685364,
            "energyDeclaration": null,
            "newsSplashProduct": false,
            "notAllowedB2b": false,
            "notAllowedAnonymous": false,
            "productLine2": "DENLILLENÖTT, 250g",
            "pickupProductLine2": "DENLILLENÖTT, 250g",
            "priceUnit": "kr/st",
            "priceNoUnit": "59,90",
            "savingsAmount": 10.0,
            "googleAnalyticsCategory": "",
            "gdprTrackingIncompliant": false,
            "tobaccoProduct": false,
            "showGoodPriceIcon": false,
            "nicotineMedicalProduct": false,
            "tobaccoFreeNicotineProduct": false,
            "nonEkoProduct": false,
            "precautionaryStatements": [],
            "hazards": [],
            "labels": [],
            "seoDescription": "",
            "seoTitle": "",
            "manufacturer": "Denlillenött",
            "incrementValue": 1.0,
            "productBasketType": {
                "code": "ST",
                "type": "ProductBasketTypeEnum"
            },
            "bargainProduct": false,
            "addToCartMessage": "",
            "thumbnail": {
                "imageType": "PRIMARY",
                "format": "thumbnail",
                "url": "https://assets.axfood.se/image/upload/f_auto,t_100/07041111153981_C1N1_s01",
                "altText": null,
                "galleryIndex": null,
                "width": null
            },
            "outOfStock": false,
            "online": true,
            "displayVolume": "250g",
            "addToCartDisabled": false,
            "name": "Cashewnötter Stora Rostade med Havssalt",
            "code": "101583772_ST"
        },
        {
            "potentialPromotions": [
                {
                    "threshold": null,
                    "applied": false,
                    "campaignType": "LOYALTY",
                    "offerStatus": null,
                    "productCodes": [
                        "101358223_ST",
                        "101358224_ST"
                    ],
                    "promotionTheme": {
                        "code": "Z020",
                        "visible": null
                    },
                    "lowestHistoricalPrice": {
                        "currencyIso": "SEK",
                        "value": 29.9,
                        "priceType": "BUY",
                        "formattedValue": "29,90 kr",
                        "minQuantity": null,
                        "maxQuantity": null
                    },
                    "textLabelGenerated": "",
                    "textLabelManual": null,
                    "price": {
                        "currencyIso": "SEK",
                        "value": 24.9,
                        "priceType": "BUY",
                        "formattedValue": "24,90 kr",
                        "minQuantity": null,
                        "maxQuantity": null
                    },
                    "promotionType": "MixMatchPricePromotion",
                    "conditionLabel": "Spara 5,00 kr/st",
                    "rewardLabel": "24,90/st",
                    "textLabel": "",
                    "redeemLimitLabel": "Max 3 köp",
                    "cartLabel": null,
                    "validUntil": null,
                    "timesUsed": null,
                    "qualifyingCount": 1,
                    "comparePrice": "27,67 kr",
                    "splashTitleText": "",
                    "realMixAndMatch": false,
                    "mainProductCode": "101358223_ST",
                    "conditionLabelFormatted": "",
                    "promotionRedeemLimit": null,
                    "promotionPercentage": null,
                    "cartLabelFormatted": "",
                    "priority": 608,
                    "code": "2500269745"
                }
            ],
            "inactivePotentialPromotions": [],
            "priceValue": 29.9,
            "price": "29,90 kr",
            "image": {
                "imageType": "PRIMARY",
                "format": "product",
                "url": "https://assets.axfood.se/image/upload/f_auto,t_200/07340083494635_C1L1_s01",
                "altText": null,
                "galleryIndex": null,
                "width": null
            },
            "ranking": 320.43043476882,
            "depositPrice": "",
            "averageWeight": null,
            "comparePrice": "33,22 kr",
            "comparePriceUnit": "kg",
            "isDrugProduct": false,
            "solrSearchScore": 1.8396117687225342,
            "energyDeclaration": null,
            "newsSplashProduct": false,
            "notAllowedB2b": false,
            "notAllowedAnonymous": false,
            "productLine2": "GARANT, 900g",
            "pickupProductLine2": "GARANT, 900g",
            "priceUnit": "kr/st",
            "priceNoUnit": "29,90",
            "savingsAmount": 5.0,
            "googleAnalyticsCategory": "",
            "gdprTrackingIncompliant": false,
            "tobaccoProduct": false,
            "showGoodPriceIcon": false,
            "nicotineMedicalProduct": false,
            "tobaccoFreeNicotineProduct": false,
            "nonEkoProduct": false,
            "precautionaryStatements": [],
            "hazards": [],
            "labels": [
                "swedish_flag",
                "from_sweden"
            ],
            "seoDescription": "",
            "seoTitle": "",
            "manufacturer": "Garant",
            "incrementValue": 1.0,
            "productBasketType": {
                "code": "ST",
                "type": "ProductBasketTypeEnum"
            },
            "bargainProduct": false,
            "addToCartMessage": "",
            "thumbnail": {
                "imageType": "PRIMARY",
                "format": "thumbnail",
                "url": "https://assets.axfood.se/image/upload/f_auto,t_100/07340083494635_C1L1_s01",
                "altText": null,
                "galleryIndex": null,
                "width": null
            },
            "outOfStock": false,
            "online": true,
            "displayVolume": "900g",
            "addToCartDisabled": false,
            "name": "Vetekaka 24-pack",
            "code": "101358223_ST"
        },
        {
            "potentialPromotions": [
                {
                    "threshold": null,
                    "applied": false,
                    "campaignType": "LOYALTY",
                    "offerStatus": null,
                    "productCodes": [
                        "100548542_ST"
                    ],
                    "promotionTheme": {
                        "code": "Z020",
                        "visible": null
                    },
                    "lowestHistoricalPrice": null,
                    "textLabelGenerated": "",
                    "textLabelManual": null,
                    "price": {
                        "currencyIso": "SEK",
                        "value": 26.9,
                        "priceType": "BUY",
                        "formattedValue": "26,90 kr",
                        "minQuantity": null,
                        "maxQuantity": null
                    },
                    "promotionType": "MixMatchPricePromotion",
                    "conditionLabel": "Spara 7,00 kr/st",
                    "rewardLabel": "26,90/st",
                    "textLabel": "",
                    "redeemLimitLabel": "Max 3 köp",
                    "cartLabel": null,
                    "validUntil": null,
                    "timesUsed": null,
                    "qualifyingCount": 1,
                    "comparePrice": "29,89 kr",
                    "splashTitleText": "",
                    "realMixAndMatch": false,
                    "mainProductCode": "100548542_ST",
                    "conditionLabelFormatted": "",
                    "promotionRedeemLimit": null,
                    "promotionPercentage": null,
                    "cartLabelFormatted": "",
                    "priority": 608,
                    "code": "2500269799"
                }
            ],
            "inactivePotentialPromotions": [],
            "priceValue": 33.9,
            "price": "33,90 kr",
            "image": {
                "imageType": "PRIMARY",
                "format": "product",
                "url": "https://assets.axfood.se/image/upload/f_auto,t_200/07311070338188_C1L1_s05",
                "altText": null,
                "galleryIndex": null,
                "width": null
            },
            "ranking": 320.42043575186,
            "depositPrice": "",
            "averageWeight": null,
            "comparePrice": "37,67 kr",
            "comparePriceUnit": "kg",
            "isDrugProduct": false,
            "solrSearchScore": 1.8396117687225342,
            "energyDeclaration": null,
            "newsSplashProduct": false,
            "notAllowedB2b": false,
            "notAllowedAnonymous": false,
            "productLine2": "PÅGEN, 900g",
            "pickupProductLine2": "PÅGEN, 900g",
            "priceUnit": "kr/st",
            "priceNoUnit": "33,90",
            "savingsAmount": 7.0,
            "googleAnalyticsCategory": "",
            "gdprTrackingIncompliant": false,
            "tobaccoProduct": false,
            "showGoodPriceIcon": false,
            "nicotineMedicalProduct": false,
            "tobaccoFreeNicotineProduct": false,
            "nonEkoProduct": false,
            "precautionaryStatements": [],
            "hazards": [],
            "labels": [],
            "seoDescription": "",
            "seoTitle": "",
            "manufacturer": "Pågen",
            "incrementValue": 1.0,
            "productBasketType": {
                "code": "ST",
                "type": "ProductBasketTypeEnum"
            },
            "bargainProduct": false,
            "addToCartMessage": "",
            "thumbnail": {
                "imageType": "PRIMARY",
                "format": "thumbnail",
                "url": "https://assets.axfood.se/image/upload/f_auto,t_100/07311070338188_C1L1_s05",
                "altText": null,
                "galleryIndex": null,
                "width": null
            },
            "outOfStock": false,
            "online": true,
            "displayVolume": "900g",
            "addToCartDisabled": false,
            "name": "Pågenlimpan",
            "code": "100548542_ST"
        },
        {
            "potentialPromotions": [
                {
                    "threshold": null,
                    "applied": false,
                    "campaignType": "LOYALTY",
                    "offerStatus": null,
                    "productCodes": [
                        "101338214_ST",
                        "101431391_ST",
                        "101328354_ST",
                        "101431390_ST"
                    ],
                    "promotionTheme": {
                        "code": "Z020",
                        "visible": null
                    },
                    "lowestHistoricalPrice": {
                        "currencyIso": "SEK",
                        "value": 29.9,
                        "priceType": "BUY",
                        "formattedValue": "29,90 kr",
                        "minQuantity": null,
                        "maxQuantity": null
                    },
                    "textLabelGenerated": "",
                    "textLabelManual": null,
                    "price": {
                        "currencyIso": "SEK",
                        "value": 23.9,
                        "priceType": "BUY",
                        "formattedValue": "23,90 kr",
                        "minQuantity": null,
                        "maxQuantity": null
                    },
                    "promotionType": "MixMatchPricePromotion",
                    "conditionLabel": "Spara 6,00 kr/st",
                    "rewardLabel": "23,90/st  +pant",
                    "textLabel": "",
                    "redeemLimitLabel": "Max 3 köp",
                    "cartLabel": null,
                    "validUntil": null,
                    "timesUsed": null,
                    "qualifyingCount": 1,
                    "comparePrice": "23,90 kr",
                    "splashTitleText": "",
                    "realMixAndMatch": false,
                    "mainProductCode": "101338214_ST",
                    "conditionLabelFormatted": "",
                    "promotionRedeemLimit": null,
                    "promotionPercentage": null,
                    "cartLabelFormatted": "",
                    "priority": 608,
                    "code": "2500269672"
                }
            ],
            "inactivePotentialPromotions": [],
            "priceValue": 29.9,
            "price": "29,90 kr",
            "image": {
                "imageType": "PRIMARY",
                "format": "product",
                "url": "https://assets.axfood.se/image/upload/f_auto,t_200/07340083489877_C1N1_s01",
                "altText": null,
                "galleryIndex": null,
                "width": null
            },
            "ranking": 320.41043411346,
            "depositPrice": "1,00 kr",
            "averageWeight": null,
            "comparePrice": "29,90 kr",
            "comparePriceUnit": "l",
            "isDrugProduct": false,
            "solrSearchScore": 1.8396117687225342,
            "energyDeclaration": null,
            "newsSplashProduct": false,
            "notAllowedB2b": false,
            "notAllowedAnonymous": false,
            "productLine2": "GARANT, 1l",
            "pickupProductLine2": "GARANT, 1l",
            "priceUnit": "kr/st",
            "priceNoUnit": "29,90",
            "savingsAmount": 6.0,
            "googleAnalyticsCategory": "",
            "gdprTrackingIncompliant": false,
            "tobaccoProduct": false,
            "showGoodPriceIcon": false,
            "nicotineMedicalProduct": false,
            "tobaccoFreeNicotineProduct": false,
            "nonEkoProduct": false,
            "precautionaryStatements": [],
            "hazards": [],
            "labels": [],
            "seoDescription": "",
            "seoTitle": "",
            "manufacturer": "Garant",
            "incrementValue": 1.0,
            "productBasketType": {
                "code": "ST",
                "type": "ProductBasketTypeEnum"
            },
            "bargainProduct": false,
            "addToCartMessage": "",
            "thumbnail": {
                "imageType": "PRIMARY",
                "format": "thumbnail",
                "url": "https://assets.axfood.se/image/upload/f_auto,t_100/07340083489877_C1N1_s01",
                "altText": null,
                "galleryIndex": null,
                "width": null
            },
            "outOfStock": false,
            "online": true,
            "displayVolume": "1l",
            "addToCartDisabled": false,
            "name": "Äpplejuice med Fruktkött",
            "code": "101338214_ST"
        },
        {
            "potentialPromotions": [
                {
                    "threshold": null,
                    "applied": false,
                    "campaignType": "LOYALTY",
                    "offerStatus": null,
                    "productCodes": [
                        "101776243_ST",
                        "101776244_ST"
                    ],
                    "promotionTheme": {
                        "code": "Z020",
                        "visible": null
                    },
                    "lowestHistoricalPrice": {
                        "currencyIso": "SEK",
                        "value": 29.9,
                        "priceType": "BUY",
                        "formattedValue": "29,90 kr",
                        "minQuantity": null,
                        "maxQuantity": null
                    },
                    "textLabelGenerated": "",
                    "textLabelManual": null,
                    "price": {
                        "currencyIso": "SEK",
                        "value": 22.9,
                        "priceType": "BUY",
                        "formattedValue": "22,90 kr",
                        "minQuantity": null,
                        "maxQuantity": null
                    },
                    "promotionType": "MixMatchPricePromotion",
                    "conditionLabel": "Spara 7,00 kr/st",
                    "rewardLabel": "22,90/st",
                    "textLabel": "",
                    "redeemLimitLabel": "Max 3 köp",
                    "cartLabel": null,
                    "validUntil": null,
                    "timesUsed": null,
                    "qualifyingCount": 1,
                    "comparePrice": "40,89 kr",
                    "splashTitleText": "",
                    "realMixAndMatch": false,
                    "mainProductCode": "101776243_ST",
                    "conditionLabelFormatted": "",
                    "promotionRedeemLimit": null,
                    "promotionPercentage": null,
                    "cartLabelFormatted": "",
                    "priority": 608,
                    "code": "2500269756"
                }
            ],
            "inactivePotentialPromotions": [],
            "priceValue": 29.9,
            "price": "29,90 kr",
            "image": {
                "imageType": "PRIMARY",
                "format": "product",
                "url": "https://assets.axfood.se/image/upload/f_auto,t_200/07310960052999_C1C0_s01",
                "altText": null,
                "galleryIndex": null,
                "width": null
            },
            "ranking": 320.4004350965,
            "depositPrice": "",
            "averageWeight": null,
            "comparePrice": "53,39 kr",
            "comparePriceUnit": "kg",
            "isDrugProduct": false,
            "solrSearchScore": 1.8396117687225342,
            "energyDeclaration": null,
            "newsSplashProduct": false,
            "notAllowedB2b": false,
            "notAllowedAnonymous": false,
            "productLine2": "DAFGÅRDS, 560g",
            "pickupProductLine2": "DAFGÅRDS, 560g",
            "priceUnit": "kr/st",
            "priceNoUnit": "29,90",
            "savingsAmount": 7.0,
            "googleAnalyticsCategory": "",
            "gdprTrackingIncompliant": false,
            "tobaccoProduct": false,
            "showGoodPriceIcon": false,
            "nicotineMedicalProduct": false,
            "tobaccoFreeNicotineProduct": false,
            "nonEkoProduct": false,
            "precautionaryStatements": [],
            "hazards": [],
            "labels": [
                "swedish_flag",
                "from_sweden"
            ],
            "seoDescription": "",
            "seoTitle": "",
            "manufacturer": "Dafgårds",
            "incrementValue": 1.0,
            "productBasketType": {
                "code": "ST",
                "type": "ProductBasketTypeEnum"
            },
            "bargainProduct": false,
            "addToCartMessage": "",
            "thumbnail": {
                "imageType": "PRIMARY",
                "format": "thumbnail",
                "url": "https://assets.axfood.se/image/upload/f_auto,t_100/07310960052999_C1C0_s01",
                "altText": null,
                "galleryIndex": null,
                "width": null
            },
            "outOfStock": false,
            "online": true,
            "displayVolume": "560g",
            "addToCartDisabled": false,
            "name": "Lantbröd Grekiskt",
            "code": "101776243_ST"
        },
        {
            "potentialPromotions": [
                {
                    "threshold": null,
                    "applied": false,
                    "campaignType": "GENERAL",
                    "offerStatus": null,
                    "productCodes": [
                        "100139636_ST",
                        "100395083_ST",
                        "100374266_ST",
                        "101196714_ST",
                        "101241154_ST",
                        "101196726_ST"
                    ],
                    "promotionTheme": {
                        "code": "Z001",
                        "visible": null
                    },
                    "lowestHistoricalPrice": null,
                    "textLabelGenerated": "",
                    "textLabelManual": null,
                    "price": {
                        "currencyIso": "SEK",
                        "value": 11.0,
                        "priceType": "BUY",
                        "formattedValue": "11,00 kr",
                        "minQuantity": null,
                        "maxQuantity": null
                    },
                    "promotionType": "MixMatchPricePromotion",
                    "conditionLabel": "Välj & blanda! 2 för",
                    "rewardLabel": "22,00",
                    "textLabel": "",
                    "redeemLimitLabel": "",
                    "cartLabel": null,
                    "validUntil": null,
                    "timesUsed": null,
                    "qualifyingCount": 2,
                    "comparePrice": "55,00 kr",
                    "splashTitleText": "Kampanj",
                    "realMixAndMatch": true,
                    "mainProductCode": "100139636_ST",
                    "conditionLabelFormatted": "2 för",
                    "promotionRedeemLimit": null,
                    "promotionPercentage": null,
                    "cartLabelFormatted": "",
                    "priority": 408,
                    "code": "2500269821"
                }
            ],
            "inactivePotentialPromotions": [],
            "priceValue": 11.5,
            "price": "11,50 kr",
            "image": {
                "imageType": "PRIMARY",
                "format": "product",
                "url": "https://assets.axfood.se/image/upload/f_auto,t_200/07310941801301_C1L1_s01",
                "altText": null,
                "galleryIndex": null,
                "width": null
            },
            "ranking": 320.39042297234,
            "depositPrice": "",
            "averageWeight": null,
            "comparePrice": "57,50 kr",
            "comparePriceUnit": "kg",
            "isDrugProduct": false,
            "solrSearchScore": 0.6426547169685364,
            "energyDeclaration": null,
            "newsSplashProduct": false,
            "notAllowedB2b": false,
            "notAllowedAnonymous": false,
            "productLine2": "PASTEJKÖKET, 200g",
            "pickupProductLine2": "PASTEJKÖKET, 200g",
            "priceUnit": "kr/st",
            "priceNoUnit": "11,50",
            "savingsAmount": 1.0,
            "googleAnalyticsCategory": "",
            "gdprTrackingIncompliant": false,
            "tobaccoProduct": false,
            "showGoodPriceIcon": false,
            "nicotineMedicalProduct": false,
            "tobaccoFreeNicotineProduct": false,
            "nonEkoProduct": false,
            "precautionaryStatements": [],
            "hazards": [],
            "labels": [
                "swedish_flag",
                "meat_from_sweden"
            ],
            "seoDescription": "",
            "seoTitle": "",
            "manufacturer": "Pastejköket",
            "incrementValue": 1.0,
            "productBasketType": {
                "code": "ST",
                "type": "ProductBasketTypeEnum"
            },
            "bargainProduct": false,
            "addToCartMessage": "",
            "thumbnail": {
                "imageType": "PRIMARY",
                "format": "thumbnail",
                "url": "https://assets.axfood.se/image/upload/f_auto,t_100/07310941801301_C1L1_s01",
                "altText": null,
                "galleryIndex": null,
                "width": null
            },
            "outOfStock": false,
            "online": true,
            "displayVolume": "200g",
            "addToCartDisabled": false,
            "name": "Leverpastej Bredbar",
            "code": "100139636_ST"
        },
        {
            "potentialPromotions": [
                {
                    "threshold": null,
                    "applied": false,
                    "campaignType": "GENERAL",
                    "offerStatus": null,
                    "productCodes": [
                        "101183319_ST",
                        "101285150_ST",
                        "101333888_ST",
                        "101435164_ST",
                        "101348393_ST",
                        "101187497_ST",
                        "101282504_ST",
                        "101187496_ST",
                        "101435165_ST",
                        "101351816_ST",
                        "101503350_ST",
                        "101784427_ST",
                        "101352110_ST",
                        "101458841_ST",
                        "101325160_ST",
                        "101348663_ST",
                        "101458840_ST"
                    ],
                    "promotionTheme": {
                        "code": "Z001",
                        "visible": null
                    },
                    "lowestHistoricalPrice": null,
                    "textLabelGenerated": "",
                    "textLabelManual": null,
                    "price": {
                        "currencyIso": "SEK",
                        "value": 17.5,
                        "priceType": "BUY",
                        "formattedValue": "17,50 kr",
                        "minQuantity": null,
                        "maxQuantity": null
                    },
                    "promotionType": "MixMatchPricePromotion",
                    "conditionLabel": "Välj & blanda! 2 för",
                    "rewardLabel": "35,00",
                    "textLabel": "",
                    "redeemLimitLabel": "",
                    "cartLabel": null,
                    "validUntil": null,
                    "timesUsed": null,
                    "qualifyingCount": 2,
                    "comparePrice": "145,83 kr",
                    "splashTitleText": "Kampanj",
                    "realMixAndMatch": true,
                    "mainProductCode": "101183319_ST",
                    "conditionLabelFormatted": "2 för",
                    "promotionRedeemLimit": null,
                    "promotionPercentage": null,
                    "cartLabelFormatted": "",
                    "priority": 408,
                    "code": "2500269816"
                }
            ],
            "inactivePotentialPromotions": [],
            "priceValue": 19.9,
            "price": "19,90 kr",
            "image": {
                "imageType": "PRIMARY",
                "format": "product",
                "url": "https://assets.axfood.se/image/upload/f_auto,t_200/07311041071748_C1N1_s02",
                "altText": null,
                "galleryIndex": null,
                "width": null
            },
            "ranking": 320.3804236277,
            "depositPrice": "",
            "averageWeight": null,
            "comparePrice": "165,83 kr",
            "comparePriceUnit": "kg",
            "isDrugProduct": false,
            "solrSearchScore": 0.6426547169685364,
            "energyDeclaration": null,
            "newsSplashProduct": false,
            "notAllowedB2b": false,
            "notAllowedAnonymous": false,
            "productLine2": "GARANT, 120g",
            "pickupProductLine2": "GARANT, 120g",
            "priceUnit": "kr/st",
            "priceNoUnit": "19,90",
            "savingsAmount": 4.8,
            "googleAnalyticsCategory": "",
            "gdprTrackingIncompliant": false,
            "tobaccoProduct": false,
            "showGoodPriceIcon": false,
            "nicotineMedicalProduct": false,
            "tobaccoFreeNicotineProduct": false,
            "nonEkoProduct": false,
            "precautionaryStatements": [],
            "hazards": [],
            "labels": [
                "swedish_flag",
                "meat_from_sweden"
            ],
            "seoDescription": "",
            "seoTitle": "",
            "manufacturer": "Garant",
            "incrementValue": 1.0,
            "productBasketType": {
                "code": "ST",
                "type": "ProductBasketTypeEnum"
            },
            "bargainProduct": false,
            "addToCartMessage": "",
            "thumbnail": {
                "imageType": "PRIMARY",
                "format": "thumbnail",
                "url": "https://assets.axfood.se/image/upload/f_auto,t_100/07311041071748_C1N1_s02",
                "altText": null,
                "galleryIndex": null,
                "width": null
            },
            "outOfStock": false,
            "online": true,
            "displayVolume": "120g",
            "addToCartDisabled": false,
            "name": "Basturökt Skinka Deliskivor",
            "code": "101183319_ST"
        },
        {
            "potentialPromotions": [
                {
                    "threshold": null,
                    "applied": false,
                    "campaignType": "GENERAL",
                    "offerStatus": null,
                    "productCodes": [
                        "101203244_ST",
                        "101247712_ST",
                        "101203207_ST",
                        "101247690_ST"
                    ],
                    "promotionTheme": {
                        "code": "Z065",
                        "visible": null
                    },
                    "lowestHistoricalPrice": {
                        "currencyIso": "SEK",
                        "value": 16.9,
                        "priceType": "BUY",
                        "formattedValue": "16,90 kr",
                        "minQuantity": null,
                        "maxQuantity": null
                    },
                    "textLabelGenerated": "",
                    "textLabelManual": null,
                    "price": {
                        "currencyIso": "SEK",
                        "value": 14.9,
                        "priceType": "BUY",
                        "formattedValue": "14,90 kr",
                        "minQuantity": null,
                        "maxQuantity": null
                    },
                    "promotionType": "MixMatchPricePromotion",
                    "conditionLabel": "Spara 2,00 kr/st",
                    "rewardLabel": "14,90/st",
                    "textLabel": "",
                    "redeemLimitLabel": "",
                    "cartLabel": null,
                    "validUntil": null,
                    "timesUsed": null,
                    "qualifyingCount": 1,
                    "comparePrice": "49,67 kr",
                    "splashTitleText": "",
                    "realMixAndMatch": false,
                    "mainProductCode": "101203244_ST",
                    "conditionLabelFormatted": "",
                    "promotionRedeemLimit": null,
                    "promotionPercentage": null,
                    "cartLabelFormatted": "",
                    "priority": 408,
                    "code": "2500262512"
                }
            ],
            "inactivePotentialPromotions": [],
            "priceValue": 16.9,
            "price": "16,90 kr",
            "image": {
                "imageType": "PRIMARY",
                "format": "product",
                "url": "https://assets.axfood.se/image/upload/f_auto,t_200/07310618427056_C1N1_s03",
                "altText": null,
                "galleryIndex": null,
                "width": null
            },
            "ranking": 320.37753976722,
            "depositPrice": "",
            "averageWeight": null,
            "comparePrice": "56,33 kr",
            "comparePriceUnit": "l",
            "isDrugProduct": false,
            "solrSearchScore": 0.6426547169685364,
            "energyDeclaration": null,
            "newsSplashProduct": false,
            "notAllowedB2b": false,
            "notAllowedAnonymous": false,
            "productLine2": "BLIW, 300ml",
            "pickupProductLine2": "BLIW, 300ml",
            "priceUnit": "kr/st",
            "priceNoUnit": "16,90",
            "savingsAmount": 2.0,
            "googleAnalyticsCategory": "",
            "gdprTrackingIncompliant": false,
            "tobaccoProduct": false,
            "showGoodPriceIcon": false,
            "nicotineMedicalProduct": false,
            "tobaccoFreeNicotineProduct": false,
            "nonEkoProduct": false,
            "precautionaryStatements": [],
            "hazards": [],
            "labels": [
                "swan",
                "environmental_facet"
            ],
            "seoDescription": "",
            "seoTitle": "",
            "manufacturer": "Bliw",
            "incrementValue": 1.0,
            "productBasketType": {
                "code": "ST",
                "type": "ProductBasketTypeEnum"
            },
            "bargainProduct": false,
            "addToCartMessage": "",
            "thumbnail": {
                "imageType": "PRIMARY",
                "format": "thumbnail",
                "url": "https://assets.axfood.se/image/upload/f_auto,t_100/07310618427056_C1N1_s03",
                "altText": null,
                "galleryIndex": null,
                "width": null
            },
            "outOfStock": false,
            "online": true,
            "displayVolume": "300ml",
            "addToCartDisabled": false,
            "name": "Spring Flower Vitsippa Flytande Handtvål",
            "code": "101203244_ST"
        },
        {
            "potentialPromotions": [
                {
                    "threshold": null,
                    "applied": false,
                    "campaignType": "GENERAL",
                    "offerStatus": null,
                    "productCodes": [
                        "101294578_ST"
                    ],
                    "promotionTheme": {
                        "code": "Z001",
                        "visible": null
                    },
                    "lowestHistoricalPrice": {
                        "currencyIso": "SEK",
                        "value": 26.9,
                        "priceType": "BUY",
                        "formattedValue": "26,90 kr",
                        "minQuantity": null,
                        "maxQuantity": null
                    },
                    "textLabelGenerated": "",
                    "textLabelManual": null,
                    "price": {
                        "currencyIso": "SEK",
                        "value": 23.9,
                        "priceType": "BUY",
                        "formattedValue": "23,90 kr",
                        "minQuantity": null,
                        "maxQuantity": null
                    },
                    "promotionType": "MixMatchPricePromotion",
                    "conditionLabel": "Spara 3,00 kr/st",
                    "rewardLabel": "23,90/st",
                    "textLabel": "",
                    "redeemLimitLabel": "",
                    "cartLabel": null,
                    "validUntil": null,
                    "timesUsed": null,
                    "qualifyingCount": 1,
                    "comparePrice": "47,80 kr",
                    "splashTitleText": "Kampanj",
                    "realMixAndMatch": false,
                    "mainProductCode": "101294578_ST",
                    "conditionLabelFormatted": "",
                    "promotionRedeemLimit": null,
                    "promotionPercentage": null,
                    "cartLabelFormatted": "",
                    "priority": 408,
                    "code": "2500269796"
                }
            ],
            "inactivePotentialPromotions": [],
            "priceValue": 26.9,
            "price": "26,90 kr",
            "image": {
                "imageType": "PRIMARY",
                "format": "product",
                "url": "https://assets.axfood.se/image/upload/f_auto,t_200/07340083475641_C1L1_s01",
                "altText": null,
                "galleryIndex": null,
                "width": null
            },
            "ranking": 320.3704252661,
            "depositPrice": "",
            "averageWeight": null,
            "comparePrice": "53,80 kr",
            "comparePriceUnit": "kg",
            "isDrugProduct": false,
            "solrSearchScore": 0.6426547169685364,
            "energyDeclaration": null,
            "newsSplashProduct": false,
            "notAllowedB2b": false,
            "notAllowedAnonymous": false,
            "productLine2": "GARANT, 500g",
            "pickupProductLine2": "GARANT, 500g",
            "priceUnit": "kr/st",
            "priceNoUnit": "26,90",
            "savingsAmount": 3.0,
            "googleAnalyticsCategory": "",
            "gdprTrackingIncompliant": false,
            "tobaccoProduct": false,
            "showGoodPriceIcon": false,
            "nicotineMedicalProduct": false,
            "tobaccoFreeNicotineProduct": false,
            "nonEkoProduct": false,
            "precautionaryStatements": [],
            "hazards": [],
            "labels": [],
            "seoDescription": "",
            "seoTitle": "",
            "manufacturer": "Garant",
            "incrementValue": 1.0,
            "productBasketType": {
                "code": "ST",
                "type": "ProductBasketTypeEnum"
            },
            "bargainProduct": false,
            "addToCartMessage": "",
            "thumbnail": {
                "imageType": "PRIMARY",
                "format": "thumbnail",
                "url": "https://assets.axfood.se/image/upload/f_auto,t_100/07340083475641_C1L1_s01",
                "altText": null,
                "galleryIndex": null,
                "width": null
            },
            "outOfStock": false,
            "online": true,
            "displayVolume": "500g",
            "addToCartDisabled": false,
            "name": "Cornflakes",
            "code": "101294578_ST"
        },
        {
            "potentialPromotions": [
                {
                    "threshold": null,
                    "applied": false,
                    "campaignType": "GENERAL",
                    "offerStatus": null,
                    "productCodes": [
                        "101402250_ST",
                        "101402251_ST",
                        "101402362_ST",
                        "101385759_ST"
                    ],
                    "promotionTheme": {
                        "code": "Z065",
                        "visible": null
                    },
                    "lowestHistoricalPrice": {
                        "currencyIso": "SEK",
                        "value": 18.9,
                        "priceType": "BUY",
                        "formattedValue": "18,90 kr",
                        "minQuantity": null,
                        "maxQuantity": null
                    },
                    "textLabelGenerated": "",
                    "textLabelManual": null,
                    "price": {
                        "currencyIso": "SEK",
                        "value": 14.9,
                        "priceType": "BUY",
                        "formattedValue": "14,90 kr",
                        "minQuantity": null,
                        "maxQuantity": null
                    },
                    "promotionType": "MixMatchPricePromotion",
                    "conditionLabel": "Spara 4,00 kr/st",
                    "rewardLabel": "14,90/st",
                    "textLabel": "",
                    "redeemLimitLabel": "",
                    "cartLabel": null,
                    "validUntil": null,
                    "timesUsed": null,
                    "qualifyingCount": 1,
                    "comparePrice": "248,33 kr",
                    "splashTitleText": "",
                    "realMixAndMatch": false,
                    "mainProductCode": "101402250_ST",
                    "conditionLabelFormatted": "",
                    "promotionRedeemLimit": null,
                    "promotionPercentage": null,
                    "cartLabelFormatted": "",
                    "priority": 408,
                    "code": "2500262499"
                }
            ],
            "inactivePotentialPromotions": [],
            "priceValue": 18.9,
            "price": "18,90 kr",
            "image": {
                "imageType": "PRIMARY",
                "format": "product",
                "url": "https://assets.axfood.se/image/upload/f_auto,t_200/07310610012861_C1N1_s05",
                "altText": null,
                "galleryIndex": null,
                "width": null
            },
            "ranking": 320.36753812882,
            "depositPrice": "",
            "averageWeight": null,
            "comparePrice": "315,00 kr",
            "comparePriceUnit": "l",
            "isDrugProduct": false,
            "solrSearchScore": 0.6426547169685364,
            "energyDeclaration": null,
            "newsSplashProduct": false,
            "notAllowedB2b": false,
            "notAllowedAnonymous": false,
            "productLine2": "LDB, 60ml",
            "pickupProductLine2": "LDB, 60ml",
            "priceUnit": "kr/st",
            "priceNoUnit": "18,90",
            "savingsAmount": 4.0,
            "googleAnalyticsCategory": "",
            "gdprTrackingIncompliant": false,
            "tobaccoProduct": false,
            "showGoodPriceIcon": false,
            "nicotineMedicalProduct": false,
            "tobaccoFreeNicotineProduct": false,
            "nonEkoProduct": false,
            "precautionaryStatements": [],
            "hazards": [],
            "labels": [],
            "seoDescription": "",
            "seoTitle": "",
            "manufacturer": "Ldb",
            "incrementValue": 1.0,
            "productBasketType": {
                "code": "ST",
                "type": "ProductBasketTypeEnum"
            },
            "bargainProduct": false,
            "addToCartMessage": "",
            "thumbnail": {
                "imageType": "PRIMARY",
                "format": "thumbnail",
                "url": "https://assets.axfood.se/image/upload/f_auto,t_100/07310610012861_C1N1_s05",
                "altText": null,
                "galleryIndex": null,
                "width": null
            },
            "outOfStock": false,
            "online": true,
            "displayVolume": "60ml",
            "addToCartDisabled": false,
            "name": "Vitalizing Sweet Pea Deo Roll-on",
            "code": "101402250_ST"
        },
        {
            "potentialPromotions": [
                {
                    "threshold": null,
                    "applied": false,
                    "campaignType": "GENERAL",
                    "offerStatus": null,
                    "productCodes": [
                        "101314780_ST",
                        "101314779_ST",
                        "101314777_ST",
                        "101676256_ST",
                        "101314773_ST",
                        "101676252_ST",
                        "101676255_ST"
                    ],
                    "promotionTheme": {
                        "code": "Z001",
                        "visible": null
                    },
                    "lowestHistoricalPrice": null,
                    "textLabelGenerated": "",
                    "textLabelManual": null,
                    "price": {
                        "currencyIso": "SEK",
                        "value": 22.9,
                        "priceType": "BUY",
                        "formattedValue": "22,90 kr",
                        "minQuantity": null,
                        "maxQuantity": null
                    },
                    "promotionType": "MixMatchPricePromotion",
                    "conditionLabel": "Spara 3,00 kr/st",
                    "rewardLabel": "22,90/st",
                    "textLabel": "",
                    "redeemLimitLabel": "",
                    "cartLabel": null,
                    "validUntil": null,
                    "timesUsed": null,
                    "qualifyingCount": 1,
                    "comparePrice": "22,90 kr",
                    "splashTitleText": "Kampanj",
                    "realMixAndMatch": false,
                    "mainProductCode": "101314780_ST",
                    "conditionLabelFormatted": "",
                    "promotionRedeemLimit": null,
                    "promotionPercentage": null,
                    "cartLabelFormatted": "",
                    "priority": 408,
                    "code": "2500269828"
                }
            ],
            "inactivePotentialPromotions": [],
            "priceValue": 25.9,
            "price": "25,90 kr",
            "image": {
                "imageType": "PRIMARY",
                "format": "product",
                "url": "https://assets.axfood.se/image/upload/f_auto,t_200/07310861012504_C1R1_s05",
                "altText": null,
                "galleryIndex": null,
                "width": null
            },
            "ranking": 320.3604219893,
            "depositPrice": "",
            "averageWeight": null,
            "comparePrice": "25,90 kr",
            "comparePriceUnit": "kg",
            "isDrugProduct": false,
            "solrSearchScore": 0.6426547169685364,
            "energyDeclaration": null,
            "newsSplashProduct": false,
            "notAllowedB2b": false,
            "notAllowedAnonymous": false,
            "productLine2": "VERUM, 1kg",
            "pickupProductLine2": "VERUM, 1kg",
            "priceUnit": "kr/st",
            "priceNoUnit": "25,90",
            "savingsAmount": 3.0,
            "googleAnalyticsCategory": "",
            "gdprTrackingIncompliant": false,
            "tobaccoProduct": false,
            "showGoodPriceIcon": false,
            "nicotineMedicalProduct": false,
            "tobaccoFreeNicotineProduct": false,
            "nonEkoProduct": false,
            "precautionaryStatements": [],
            "hazards": [],
            "labels": [],
            "seoDescription": "",
            "seoTitle": "",
            "manufacturer": "Verum",
            "incrementValue": 1.0,
            "productBasketType": {
                "code": "ST",
                "type": "ProductBasketTypeEnum"
            },
            "bargainProduct": false,
            "addToCartMessage": "",
            "thumbnail": {
                "imageType": "PRIMARY",
                "format": "thumbnail",
                "url": "https://assets.axfood.se/image/upload/f_auto,t_100/07310861012504_C1R1_s05",
                "altText": null,
                "galleryIndex": null,
                "width": null
            },
            "outOfStock": false,
            "online": true,
            "displayVolume": "1kg",
            "addToCartDisabled": false,
            "name": "Blåbär Filmjölk 3,5%",
            "code": "101314780_ST"
        },
        {
            "potentialPromotions": [
                {
                    "threshold": null,
                    "applied": false,
                    "campaignType": "GENERAL",
                    "offerStatus": null,
                    "productCodes": [
                        "101405058_ST",
                        "101405059_ST",
                        "101405061_ST",
                        "101340644_ST",
                        "101367016_ST",
                        "101367012_ST",
                        "101340645_ST",
                        "101427514_ST",
                        "101405060_ST",
                        "101427515_ST"
                    ],
                    "promotionTheme": {
                        "code": "Z001",
                        "visible": null
                    },
                    "lowestHistoricalPrice": {
                        "currencyIso": "SEK",
                        "value": 37.9,
                        "priceType": "BUY",
                        "formattedValue": "37,90 kr",
                        "minQuantity": null,
                        "maxQuantity": null
                    },
                    "textLabelGenerated": "",
                    "textLabelManual": null,
                    "price": {
                        "currencyIso": "SEK",
                        "value": 36.9,
                        "priceType": "BUY",
                        "formattedValue": "36,90 kr",
                        "minQuantity": null,
                        "maxQuantity": null
                    },
                    "promotionType": "MixMatchPricePromotion",
                    "conditionLabel": "Spara 6,00 kr/st",
                    "rewardLabel": "36,90/st",
                    "textLabel": "",
                    "redeemLimitLabel": "",
                    "cartLabel": null,
                    "validUntil": null,
                    "timesUsed": null,
                    "qualifyingCount": 1,
                    "comparePrice": "36,90 kr",
                    "splashTitleText": "Kampanj",
                    "realMixAndMatch": false,
                    "mainProductCode": "101405058_ST",
                    "conditionLabelFormatted": "",
                    "promotionRedeemLimit": null,
                    "promotionPercentage": null,
                    "cartLabelFormatted": "",
                    "priority": 408,
                    "code": "2500269863"
                }
            ],
            "inactivePotentialPromotions": [],
            "priceValue": 42.9,
            "price": "42,90 kr",
            "image": {
                "imageType": "PRIMARY",
                "format": "product",
                "url": "https://assets.axfood.se/image/upload/f_auto,t_200/04016241050526_C1C1_s01",
                "altText": null,
                "galleryIndex": null,
                "width": null
            },
            "ranking": 320.35042166162,
            "depositPrice": "",
            "averageWeight": null,
            "comparePrice": "42,90 kr",
            "comparePriceUnit": "kg",
            "isDrugProduct": false,
            "solrSearchScore": 0.6426547169685364,
            "energyDeclaration": null,
            "newsSplashProduct": false,
            "notAllowedB2b": false,
            "notAllowedAnonymous": false,
            "productLine2": "ARLA, 1kg",
            "pickupProductLine2": "ARLA, 1kg",
            "priceUnit": "kr/st",
            "priceNoUnit": "42,90",
            "savingsAmount": 6.0,
            "googleAnalyticsCategory": "",
            "gdprTrackingIncompliant": false,
            "tobaccoProduct": false,
            "showGoodPriceIcon": false,
            "nicotineMedicalProduct": false,
            "tobaccoFreeNicotineProduct": false,
            "nonEkoProduct": false,
            "precautionaryStatements": [],
            "hazards": [],
            "labels": [
                "laktosfree"
            ],
            "seoDescription": "",
            "seoTitle": "",
            "manufacturer": "Arla",
            "incrementValue": 1.0,
            "productBasketType": {
                "code": "ST",
                "type": "ProductBasketTypeEnum"
            },
            "bargainProduct": false,
            "addToCartMessage": "",
            "thumbnail": {
                "imageType": "PRIMARY",
                "format": "thumbnail",
                "url": "https://assets.axfood.se/image/upload/f_auto,t_100/04016241050526_C1C1_s01",
                "altText": null,
                "galleryIndex": null,
                "width": null
            },
            "outOfStock": false,
            "online": true,
            "displayVolume": "1kg",
            "addToCartDisabled": false,
            "name": "Vanilj Mild Kvarg 0,2%",
            "code": "101405058_ST"
        },
        {
            "potentialPromotions": [
                {
                    "threshold": null,
                    "applied": false,
                    "campaignType": "GENERAL",
                    "offerStatus": null,
                    "productCodes": [
                        "101539477_ST",
                        "101539478_ST"
                    ],
                    "promotionTheme": {
                        "code": "Z001",
                        "visible": null
                    },
                    "lowestHistoricalPrice": {
                        "currencyIso": "SEK",
                        "value": 29.9,
                        "priceType": "BUY",
                        "formattedValue": "29,90 kr",
                        "minQuantity": null,
                        "maxQuantity": null
                    },
                    "textLabelGenerated": "",
                    "textLabelManual": null,
                    "price": {
                        "currencyIso": "SEK",
                        "value": 26.9,
                        "priceType": "BUY",
                        "formattedValue": "26,90 kr",
                        "minQuantity": null,
                        "maxQuantity": null
                    },
                    "promotionType": "MixMatchPricePromotion",
                    "conditionLabel": "Spara 3,00 kr/st",
                    "rewardLabel": "26,90/st",
                    "textLabel": "",
                    "redeemLimitLabel": "",
                    "cartLabel": null,
                    "validUntil": null,
                    "timesUsed": null,
                    "qualifyingCount": 1,
                    "comparePrice": "76,86 kr",
                    "splashTitleText": "Kampanj",
                    "realMixAndMatch": false,
                    "mainProductCode": "101539477_ST",
                    "conditionLabelFormatted": "",
                    "promotionRedeemLimit": null,
                    "promotionPercentage": null,
                    "cartLabelFormatted": "",
                    "priority": 408,
                    "code": "2500269826"
                }
            ],
            "inactivePotentialPromotions": [],
            "priceValue": 29.9,
            "price": "29,90 kr",
            "image": {
                "imageType": "PRIMARY",
                "format": "product",
                "url": "https://assets.axfood.se/image/upload/f_auto,t_200/07311043005833_C1L1_s01",
                "altText": null,
                "galleryIndex": null,
                "width": null
            },
            "ranking": 320.34042231698,
            "depositPrice": "",
            "averageWeight": null,
            "comparePrice": "85,43 kr",
            "comparePriceUnit": "kg",
            "isDrugProduct": false,
            "solrSearchScore": 0.6426547169685364,
            "energyDeclaration": null,
            "newsSplashProduct": false,
            "notAllowedB2b": false,
            "notAllowedAnonymous": false,
            "productLine2": "GARANT, 350g",
            "pickupProductLine2": "GARANT, 350g",
            "priceUnit": "kr/st",
            "priceNoUnit": "29,90",
            "savingsAmount": 3.0,
            "googleAnalyticsCategory": "",
            "gdprTrackingIncompliant": false,
            "tobaccoProduct": false,
            "showGoodPriceIcon": false,
            "nicotineMedicalProduct": false,
            "tobaccoFreeNicotineProduct": false,
            "nonEkoProduct": false,
            "precautionaryStatements": [],
            "hazards": [],
            "labels": [
                "swedish_flag",
                "meat_from_sweden"
            ],
            "seoDescription": "",
            "seoTitle": "",
            "manufacturer": "Garant",
            "incrementValue": 1.0,
            "productBasketType": {
                "code": "ST",
                "type": "ProductBasketTypeEnum"
            },
            "bargainProduct": false,
            "addToCartMessage": "",
            "thumbnail": {
                "imageType": "PRIMARY",
                "format": "thumbnail",
                "url": "https://assets.axfood.se/image/upload/f_auto,t_100/07311043005833_C1L1_s01",
                "altText": null,
                "galleryIndex": null,
                "width": null
            },
            "outOfStock": false,
            "online": true,
            "displayVolume": "350g",
            "addToCartDisabled": false,
            "name": "Cognacmedwurst Enrisrökt",
            "code": "101539477_ST"
        },
        {
            "potentialPromotions": [
                {
                    "threshold": null,
                    "applied": false,
                    "campaignType": "GENERAL",
                    "offerStatus": null,
                    "productCodes": [
                        "101771545_ST",
                        "101771578_ST"
                    ],
                    "promotionTheme": {
                        "code": "Z001",
                        "visible": null
                    },
                    "lowestHistoricalPrice": {
                        "currencyIso": "SEK",
                        "value": 19.7,
                        "priceType": "BUY",
                        "formattedValue": "19,70 kr",
                        "minQuantity": null,
                        "maxQuantity": null
                    },
                    "textLabelGenerated": "",
                    "textLabelManual": null,
                    "price": {
                        "currencyIso": "SEK",
                        "value": 18.9,
                        "priceType": "BUY",
                        "formattedValue": "18,90 kr",
                        "minQuantity": null,
                        "maxQuantity": null
                    },
                    "promotionType": "MixMatchPricePromotion",
                    "conditionLabel": "Spara 6,00 kr/st",
                    "rewardLabel": "18,90/st",
                    "textLabel": "",
                    "redeemLimitLabel": "",
                    "cartLabel": null,
                    "validUntil": null,
                    "timesUsed": null,
                    "qualifyingCount": 1,
                    "comparePrice": "75,60 kr",
                    "splashTitleText": "Kampanj",
                    "realMixAndMatch": false,
                    "mainProductCode": "101771545_ST",
                    "conditionLabelFormatted": "",
                    "promotionRedeemLimit": null,
                    "promotionPercentage": null,
                    "cartLabelFormatted": "",
                    "priority": 408,
                    "code": "2500269779"
                }
            ],
            "inactivePotentialPromotions": [],
            "priceValue": 24.9,
            "price": "24,90 kr",
            "image": {
                "imageType": "PRIMARY",
                "format": "product",
                "url": "https://assets.axfood.se/image/upload/f_auto,t_200/07311043022113_C1N1_s01",
                "altText": null,
                "galleryIndex": null,
                "width": null
            },
            "ranking": 320.33042592146,
            "depositPrice": "",
            "averageWeight": null,
            "comparePrice": "99,60 kr",
            "comparePriceUnit": "kg",
            "isDrugProduct": false,
            "solrSearchScore": 0.6426547169685364,
            "energyDeclaration": null,
            "newsSplashProduct": false,
            "notAllowedB2b": false,
            "notAllowedAnonymous": false,
            "productLine2": "GARANT, 250g",
            "pickupProductLine2": "GARANT, 250g",
            "priceUnit": "kr/st",
            "priceNoUnit": "24,90",
            "savingsAmount": 6.0,
            "googleAnalyticsCategory": "",
            "gdprTrackingIncompliant": false,
            "tobaccoProduct": false,
            "showGoodPriceIcon": false,
            "nicotineMedicalProduct": false,
            "tobaccoFreeNicotineProduct": false,
            "nonEkoProduct": true,
            "precautionaryStatements": [],
            "hazards": [],
            "labels": [
                "msc_fish",
                "environmental_facet"
            ],
            "seoDescription": "",
            "seoTitle": "",
            "manufacturer": "Garant",
            "incrementValue": 1.0,
            "productBasketType": {
                "code": "ST",
                "type": "ProductBasketTypeEnum"
            },
            "bargainProduct": false,
            "addToCartMessage": "",
            "thumbnail": {
                "imageType": "PRIMARY",
                "format": "thumbnail",
                "url": "https://assets.axfood.se/image/upload/f_auto,t_100/07311043022113_C1N1_s01",
                "altText": null,
                "galleryIndex": null,
                "width": null
            },
            "outOfStock": false,
            "online": true,
            "displayVolume": "250g",
            "addToCartDisabled": false,
            "name": "Kaviar Orginal",
            "code": "101771545_ST"
        },
        {
            "potentialPromotions": [
                {
                    "threshold": null,
                    "applied": false,
                    "campaignType": "GENERAL",
                    "offerStatus": null,
                    "productCodes": [
                        "101615648_ST",
                        "101615647_ST",
                        "101615649_ST",
                        "101615650_ST",
                        "101615622_ST",
                        "101615621_ST",
                        "101615655_ST",
                        "101615654_ST",
                        "101615656_ST",
                        "101615646_ST",
                        "101615653_ST"
                    ],
                    "promotionTheme": {
                        "code": "Z001",
                        "visible": null
                    },
                    "lowestHistoricalPrice": null,
                    "textLabelGenerated": "",
                    "textLabelManual": null,
                    "price": {
                        "currencyIso": "SEK",
                        "value": 79.5,
                        "priceType": "BUY",
                        "formattedValue": "79,50 kr",
                        "minQuantity": null,
                        "maxQuantity": null
                    },
                    "promotionType": "MixMatchPricePromotion",
                    "conditionLabel": "Välj & blanda! 2 för",
                    "rewardLabel": "159,00",
                    "textLabel": "",
                    "redeemLimitLabel": "",
                    "cartLabel": null,
                    "validUntil": null,
                    "timesUsed": null,
                    "qualifyingCount": 2,
                    "comparePrice": "2,94 kr",
                    "splashTitleText": "Kampanj",
                    "realMixAndMatch": true,
                    "mainProductCode": "101615648_ST",
                    "conditionLabelFormatted": "2 för",
                    "promotionRedeemLimit": null,
                    "promotionPercentage": null,
                    "cartLabelFormatted": "",
                    "priority": 408,
                    "code": "2500269791"
                },
                {
                    "threshold": 300.0,
                    "applied": false,
                    "campaignType": "GENERAL",
                    "offerStatus": null,
                    "productCodes": null,
                    "promotionTheme": {
                        "code": "Z019",
                        "visible": null
                    },
                    "lowestHistoricalPrice": {
                        "currencyIso": "SEK",
                        "value": 89.9,
                        "priceType": "BUY",
                        "formattedValue": "89,90 kr",
                        "minQuantity": null,
                        "maxQuantity": null
                    },
                    "textLabelGenerated": "",
                    "textLabelManual": null,
                    "price": {
                        "currencyIso": "SEK",
                        "value": 93.9,
                        "priceType": "BUY",
                        "formattedValue": "93,90 kr",
                        "minQuantity": null,
                        "maxQuantity": null
                    },
                    "promotionType": "SubtotalOrderPromotion",
                    "conditionLabel": "Handla för 300 kr",
                    "rewardLabel": "93,90/st",
                    "textLabel": "",
                    "redeemLimitLabel": "Max 2 köp",
                    "cartLabel": null,
                    "validUntil": null,
                    "timesUsed": null,
                    "qualifyingCount": null,
                    "comparePrice": "3,47 kr",
                    "splashTitleText": "Alltid bra pris",
                    "realMixAndMatch": false,
                    "mainProductCode": "101615621_ST",
                    "conditionLabelFormatted": "",
                    "promotionRedeemLimit": null,
                    "promotionPercentage": null,
                    "cartLabelFormatted": "",
                    "priority": 210,
                    "code": "10008853406"
                }
            ],
            "inactivePotentialPromotions": [],
            "priceValue": 98.9,
            "price": "98,90 kr",
            "image": {
                "imageType": "PRIMARY",
                "format": "product",
                "url": "https://assets.axfood.se/image/upload/f_auto,t_200/07322542270981_C1C1_s01",
                "altText": null,
                "galleryIndex": null,
                "width": null
            },
            "ranking": 320.32042559378,
            "depositPrice": "",
            "averageWeight": null,
            "comparePrice": "3,66 kr",
            "comparePriceUnit": "st",
            "isDrugProduct": false,
            "solrSearchScore": 0.6426547169685364,
            "energyDeclaration": null,
            "newsSplashProduct": false,
            "notAllowedB2b": false,
            "notAllowedAnonymous": false,
            "productLine2": "LIBERO, 27p",
            "pickupProductLine2": "LIBERO, 27p",
            "priceUnit": "kr/st",
            "priceNoUnit": "98,90",
            "savingsAmount": 38.8,
            "googleAnalyticsCategory": "",
            "gdprTrackingIncompliant": false,
            "tobaccoProduct": false,
            "showGoodPriceIcon": false,
            "nicotineMedicalProduct": false,
            "tobaccoFreeNicotineProduct": false,
            "nonEkoProduct": false,
            "precautionaryStatements": [],
            "hazards": [],
            "labels": [
                "swan",
                "allergy_approved",
                "environmental_facet"
            ],
            "seoDescription": "",
            "seoTitle": "",
            "manufacturer": "Libero",
            "incrementValue": 1.0,
            "productBasketType": {
                "code": "ST",
                "type": "ProductBasketTypeEnum"
            },
            "bargainProduct": false,
            "addToCartMessage": "",
            "thumbnail": {
                "imageType": "PRIMARY",
                "format": "thumbnail",
                "url": "https://assets.axfood.se/image/upload/f_auto,t_100/07322542270981_C1C1_s01",
                "altText": null,
                "galleryIndex": null,
                "width": null
            },
            "outOfStock": false,
            "online": true,
            "displayVolume": "27p",
            "addToCartDisabled": false,
            "name": "Up&go 6 13-20kg Byxblöjor",
            "code": "101615648_ST"
        },
        {
            "potentialPromotions": [
                {
                    "threshold": null,
                    "applied": false,
                    "campaignType": "GENERAL",
                    "offerStatus": null,
                    "productCodes": [
                        "100976829_ST",
                        "100976838_ST",
                        "101299305_ST",
                        "101299306_ST",
                        "100039851_ST",
                        "100165740_ST",
                        "100383112_ST",
                        "100383185_ST",
                        "100382970_ST",
                        "100383096_ST",
                        "100383194_ST",
                        "100692911_ST",
                        "101227721_ST",
                        "100382961_ST",
                        "101227702_ST",
                        "101278172_ST",
                        "101339042_ST",
                        "101272019_ST",
                        "100692966_ST",
                        "100382989_ST",
                        "101271996_ST",
                        "101258667_ST",
                        "101705384_ST",
                        "101705385_ST",
                        "101705386_ST"
                    ],
                    "promotionTheme": {
                        "code": "Z001",
                        "visible": null
                    },
                    "lowestHistoricalPrice": null,
                    "textLabelGenerated": "",
                    "textLabelManual": null,
                    "price": {
                        "currencyIso": "SEK",
                        "value": 12.5,
                        "priceType": "BUY",
                        "formattedValue": "12,50 kr",
                        "minQuantity": null,
                        "maxQuantity": null
                    },
                    "promotionType": "MixMatchPricePromotion",
                    "conditionLabel": "Välj & blanda! 6 för",
                    "rewardLabel": "75,00",
                    "textLabel": "",
                    "redeemLimitLabel": "",
                    "cartLabel": null,
                    "validUntil": null,
                    "timesUsed": null,
                    "qualifyingCount": 6,
                    "comparePrice": "50,00 kr",
                    "splashTitleText": "Kampanj",
                    "realMixAndMatch": true,
                    "mainProductCode": "100976829_ST",
                    "conditionLabelFormatted": "6 för",
                    "promotionRedeemLimit": null,
                    "promotionPercentage": null,
                    "cartLabelFormatted": "",
                    "priority": 408,
                    "code": "2500269753"
                }
            ],
            "inactivePotentialPromotions": [],
            "priceValue": 20.9,
            "price": "20,90 kr",
            "image": {
                "imageType": "PRIMARY",
                "format": "product",
                "url": "https://assets.axfood.se/image/upload/f_auto,t_200/04062300122284_C1N1_s03",
                "altText": null,
                "galleryIndex": null,
                "width": null
            },
            "ranking": 320.31042723218,
            "depositPrice": "",
            "averageWeight": null,
            "comparePrice": "83,60 kr",
            "comparePriceUnit": "kg",
            "isDrugProduct": false,
            "solrSearchScore": 0.6426547169685364,
            "energyDeclaration": null,
            "newsSplashProduct": false,
            "notAllowedB2b": false,
            "notAllowedAnonymous": false,
            "productLine2": "HIPP, 250g",
            "pickupProductLine2": "HIPP, 250g",
            "priceUnit": "kr/st",
            "priceNoUnit": "20,90",
            "savingsAmount": 50.4,
            "googleAnalyticsCategory": "",
            "gdprTrackingIncompliant": false,
            "tobaccoProduct": false,
            "showGoodPriceIcon": false,
            "nicotineMedicalProduct": false,
            "tobaccoFreeNicotineProduct": false,
            "nonEkoProduct": false,
            "precautionaryStatements": [],
            "hazards": [],
            "labels": [
                "ecological",
                "eu_ecological"
            ],
            "seoDescription": "",
            "seoTitle": "",
            "manufacturer": "Hipp",
            "incrementValue": 1.0,
            "productBasketType": {
                "code": "ST",
                "type": "ProductBasketTypeEnum"
            },
            "bargainProduct": false,
            "addToCartMessage": "",
            "thumbnail": {
                "imageType": "PRIMARY",
                "format": "thumbnail",
                "url": "https://assets.axfood.se/image/upload/f_auto,t_100/04062300122284_C1N1_s03",
                "altText": null,
                "galleryIndex": null,
                "width": null
            },
            "outOfStock": false,
            "online": true,
            "displayVolume": "250g",
            "addToCartDisabled": false,
            "name": "Spaghetti Carbonara Från 12 Månader",
            "code": "100976829_ST"
        },
        {
            "potentialPromotions": [
                {
                    "threshold": null,
                    "applied": false,
                    "campaignType": "GENERAL",
                    "offerStatus": null,
                    "productCodes": [
                        "101271974_ST",
                        "101271985_ST",
                        "101271986_ST",
                        "101271989_ST",
                        "101549611_ST",
                        "101549612_ST",
                        "101388137_ST"
                    ],
                    "promotionTheme": {
                        "code": "Z001",
                        "visible": null
                    },
                    "lowestHistoricalPrice": null,
                    "textLabelGenerated": "",
                    "textLabelManual": null,
                    "price": {
                        "currencyIso": "SEK",
                        "value": 11.0,
                        "priceType": "BUY",
                        "formattedValue": "11,00 kr",
                        "minQuantity": null,
                        "maxQuantity": null
                    },
                    "promotionType": "MixMatchPricePromotion",
                    "conditionLabel": "Välj & blanda! 3 för",
                    "rewardLabel": "33,00",
                    "textLabel": "",
                    "redeemLimitLabel": "",
                    "cartLabel": null,
                    "validUntil": null,
                    "timesUsed": null,
                    "qualifyingCount": 3,
                    "comparePrice": "110,00 kr",
                    "splashTitleText": "Kampanj",
                    "realMixAndMatch": true,
                    "mainProductCode": "101271974_ST",
                    "conditionLabelFormatted": "3 för",
                    "promotionRedeemLimit": null,
                    "promotionPercentage": null,
                    "cartLabelFormatted": "",
                    "priority": 408,
                    "code": "2500269754"
                }
            ],
            "inactivePotentialPromotions": [],
            "priceValue": 13.5,
            "price": "13,50 kr",
            "image": {
                "imageType": "PRIMARY",
                "format": "product",
                "url": "https://assets.axfood.se/image/upload/f_auto,t_200/04062300307131_C1N1_s02",
                "altText": null,
                "galleryIndex": null,
                "width": null
            },
            "ranking": 320.3004269045,
            "depositPrice": "",
            "averageWeight": null,
            "comparePrice": "135,00 kr",
            "comparePriceUnit": "kg",
            "isDrugProduct": false,
            "solrSearchScore": 0.6426547169685364,
            "energyDeclaration": null,
            "newsSplashProduct": false,
            "notAllowedB2b": false,
            "notAllowedAnonymous": false,
            "productLine2": "HIPP, 100g",
            "pickupProductLine2": "HIPP, 100g",
            "priceUnit": "kr/st",
            "priceNoUnit": "13,50",
            "savingsAmount": 7.5,
            "googleAnalyticsCategory": "",
            "gdprTrackingIncompliant": false,
            "tobaccoProduct": false,
            "showGoodPriceIcon": false,
            "nicotineMedicalProduct": false,
            "tobaccoFreeNicotineProduct": false,
            "nonEkoProduct": false,
            "precautionaryStatements": [],
            "hazards": [],
            "labels": [
                "ecological",
                "eu_ecological"
            ],
            "seoDescription": "",
            "seoTitle": "",
            "manufacturer": "Hipp",
            "incrementValue": 1.0,
            "productBasketType": {
                "code": "ST",
                "type": "ProductBasketTypeEnum"
            },
            "bargainProduct": false,
            "addToCartMessage": "",
            "thumbnail": {
                "imageType": "PRIMARY",
                "format": "thumbnail",
                "url": "https://assets.axfood.se/image/upload/f_auto,t_100/04062300307131_C1N1_s02",
                "altText": null,
                "galleryIndex": null,
                "width": null
            },
            "outOfStock": false,
            "online": true,
            "displayVolume": "100g",
            "addToCartDisabled": false,
            "name": "Apple Banana Strawberries Från 6 Månader",
            "code": "101271974_ST"
        },
        {
            "potentialPromotions": [
                {
                    "threshold": null,
                    "applied": false,
                    "campaignType": "GENERAL",
                    "offerStatus": null,
                    "productCodes": [
                        "101356372_ST",
                        "101356373_ST",
                        "100119756_ST",
                        "101274227_ST",
                        "100120085_ST",
                        "101274300_ST",
                        "101230224_ST",
                        "101542207_ST",
                        "101230254_ST",
                        "101230255_ST",
                        "101230225_ST",
                        "101542218_ST"
                    ],
                    "promotionTheme": {
                        "code": "Z065",
                        "visible": null
                    },
                    "lowestHistoricalPrice": {
                        "currencyIso": "SEK",
                        "value": 37.9,
                        "priceType": "BUY",
                        "formattedValue": "37,90 kr",
                        "minQuantity": null,
                        "maxQuantity": null
                    },
                    "textLabelGenerated": "",
                    "textLabelManual": null,
                    "price": {
                        "currencyIso": "SEK",
                        "value": 29.9,
                        "priceType": "BUY",
                        "formattedValue": "29,90 kr",
                        "minQuantity": null,
                        "maxQuantity": null
                    },
                    "promotionType": "MixMatchPricePromotion",
                    "conditionLabel": "Spara 8,00 kr/st",
                    "rewardLabel": "29,90/st",
                    "textLabel": "",
                    "redeemLimitLabel": "",
                    "cartLabel": null,
                    "validUntil": null,
                    "timesUsed": null,
                    "qualifyingCount": 1,
                    "comparePrice": "119,60 kr",
                    "splashTitleText": "",
                    "realMixAndMatch": false,
                    "mainProductCode": "101356372_ST",
                    "conditionLabelFormatted": "",
                    "promotionRedeemLimit": null,
                    "promotionPercentage": null,
                    "cartLabelFormatted": "",
                    "priority": 408,
                    "code": "2500262424"
                }
            ],
            "inactivePotentialPromotions": [],
            "priceValue": 37.9,
            "price": "37,90 kr",
            "image": {
                "imageType": "PRIMARY",
                "format": "product",
                "url": "https://assets.axfood.se/image/upload/f_auto,t_200/03600524030278_C1N1_s02",
                "altText": null,
                "galleryIndex": null,
                "width": null
            },
            "ranking": 320.2975384565,
            "depositPrice": "",
            "averageWeight": null,
            "comparePrice": "151,60 kr",
            "comparePriceUnit": "l",
            "isDrugProduct": false,
            "solrSearchScore": 0.6426547169685364,
            "energyDeclaration": null,
            "newsSplashProduct": false,
            "notAllowedB2b": false,
            "notAllowedAnonymous": false,
            "productLine2": "ELVITAL, 250ml",
            "pickupProductLine2": "ELVITAL, 250ml",
            "priceUnit": "kr/st",
            "priceNoUnit": "37,90",
            "savingsAmount": 8.0,
            "googleAnalyticsCategory": "",
            "gdprTrackingIncompliant": false,
            "tobaccoProduct": false,
            "showGoodPriceIcon": false,
            "nicotineMedicalProduct": false,
            "tobaccoFreeNicotineProduct": false,
            "nonEkoProduct": false,
            "precautionaryStatements": [],
            "hazards": [],
            "labels": [],
            "seoDescription": "",
            "seoTitle": "",
            "manufacturer": "Elvital",
            "incrementValue": 1.0,
            "productBasketType": {
                "code": "ST",
                "type": "ProductBasketTypeEnum"
            },
            "bargainProduct": false,
            "addToCartMessage": "",
            "thumbnail": {
                "imageType": "PRIMARY",
                "format": "thumbnail",
                "url": "https://assets.axfood.se/image/upload/f_auto,t_100/03600524030278_C1N1_s02",
                "altText": null,
                "galleryIndex": null,
                "width": null
            },
            "outOfStock": false,
            "online": true,
            "displayVolume": "250ml",
            "addToCartDisabled": false,
            "name": "Hyaluron Plump Dehydrated Hair Schampo",
            "code": "101356372_ST"
        },
        {
            "potentialPromotions": [
                {
                    "threshold": null,
                    "applied": false,
                    "campaignType": "GENERAL",
                    "offerStatus": null,
                    "productCodes": [
                        "100808618_ST",
                        "100141133_ST",
                        "101284499_ST",
                        "100539151_ST",
                        "100539160_ST",
                        "101266549_ST",
                        "101321741_ST"
                    ],
                    "promotionTheme": {
                        "code": "Z065",
                        "visible": null
                    },
                    "lowestHistoricalPrice": {
                        "currencyIso": "SEK",
                        "value": 19.8,
                        "priceType": "BUY",
                        "formattedValue": "19,80 kr",
                        "minQuantity": null,
                        "maxQuantity": null
                    },
                    "textLabelGenerated": "",
                    "textLabelManual": null,
                    "price": {
                        "currencyIso": "SEK",
                        "value": 14.9,
                        "priceType": "BUY",
                        "formattedValue": "14,90 kr",
                        "minQuantity": null,
                        "maxQuantity": null
                    },
                    "promotionType": "MixMatchPricePromotion",
                    "conditionLabel": "Spara 4,90 kr/st",
                    "rewardLabel": "14,90/st",
                    "textLabel": "",
                    "redeemLimitLabel": "",
                    "cartLabel": null,
                    "validUntil": null,
                    "timesUsed": null,
                    "qualifyingCount": 1,
                    "comparePrice": "29,80 kr",
                    "splashTitleText": "",
                    "realMixAndMatch": false,
                    "mainProductCode": "100808618_ST",
                    "conditionLabelFormatted": "",
                    "promotionRedeemLimit": null,
                    "promotionPercentage": null,
                    "cartLabelFormatted": "",
                    "priority": 408,
                    "code": "2500269809"
                }
            ],
            "inactivePotentialPromotions": [],
            "priceValue": 19.8,
            "price": "19,80 kr",
            "image": {
                "imageType": "PRIMARY",
                "format": "product",
                "url": "https://assets.axfood.se/image/upload/f_auto,t_200/07310614369053_C1N1_s01",
                "altText": null,
                "galleryIndex": null,
                "width": null
            },
            "ranking": 320.29044558226,
            "depositPrice": "",
            "averageWeight": null,
            "comparePrice": "39,60 kr",
            "comparePriceUnit": "l",
            "isDrugProduct": false,
            "solrSearchScore": 0.6426547169685364,
            "energyDeclaration": null,
            "newsSplashProduct": false,
            "notAllowedB2b": false,
            "notAllowedAnonymous": false,
            "productLine2": "FAMILY FRESH, 500ml",
            "pickupProductLine2": "FAMILY FRESH, 500ml",
            "priceUnit": "kr/st",
            "priceNoUnit": "19,80",
            "savingsAmount": 4.9,
            "googleAnalyticsCategory": "",
            "gdprTrackingIncompliant": false,
            "tobaccoProduct": false,
            "showGoodPriceIcon": false,
            "nicotineMedicalProduct": false,
            "tobaccoFreeNicotineProduct": false,
            "nonEkoProduct": false,
            "precautionaryStatements": [],
            "hazards": [],
            "labels": [],
            "seoDescription": "",
            "seoTitle": "",
            "manufacturer": "Family Fresh",
            "incrementValue": 1.0,
            "productBasketType": {
                "code": "ST",
                "type": "ProductBasketTypeEnum"
            },
            "bargainProduct": false,
            "addToCartMessage": "",
            "thumbnail": {
                "imageType": "PRIMARY",
                "format": "thumbnail",
                "url": "https://assets.axfood.se/image/upload/f_auto,t_100/07310614369053_C1N1_s01",
                "altText": null,
                "galleryIndex": null,
                "width": null
            },
            "outOfStock": false,
            "online": true,
            "displayVolume": "500ml",
            "addToCartDisabled": false,
            "name": "Honey Rich Shower Cream Duschkräm",
            "code": "100808618_ST"
        },
        {
            "potentialPromotions": [
                {
                    "threshold": null,
                    "applied": false,
                    "campaignType": "GENERAL",
                    "offerStatus": null,
                    "productCodes": [
                        "101199591_ST",
                        "100145870_ST",
                        "100471473_ST",
                        "101204249_ST",
                        "100472748_ST",
                        "101248017_ST",
                        "101289857_ST",
                        "100471491_ST",
                        "101247977_ST",
                        "101248016_ST",
                        "101284323_ST",
                        "100379608_ST",
                        "101277034_ST"
                    ],
                    "promotionTheme": {
                        "code": "Z065",
                        "visible": null
                    },
                    "lowestHistoricalPrice": null,
                    "textLabelGenerated": "",
                    "textLabelManual": null,
                    "price": {
                        "currencyIso": "SEK",
                        "value": 20.0,
                        "priceType": "BUY",
                        "formattedValue": "20,00 kr",
                        "minQuantity": null,
                        "maxQuantity": null
                    },
                    "promotionType": "MixMatchPricePromotion",
                    "conditionLabel": "Välj & blanda! 2 för",
                    "rewardLabel": "40,00",
                    "textLabel": "",
                    "redeemLimitLabel": "",
                    "cartLabel": null,
                    "validUntil": null,
                    "timesUsed": null,
                    "qualifyingCount": 2,
                    "comparePrice": "2,00 kr",
                    "splashTitleText": "",
                    "realMixAndMatch": true,
                    "mainProductCode": "101199591_ST",
                    "conditionLabelFormatted": "2 för",
                    "promotionRedeemLimit": null,
                    "promotionPercentage": null,
                    "cartLabelFormatted": "",
                    "priority": 408,
                    "code": "2500262486"
                }
            ],
            "inactivePotentialPromotions": [],
            "priceValue": 24.9,
            "price": "24,90 kr",
            "image": {
                "imageType": "PRIMARY",
                "format": "product",
                "url": "https://assets.axfood.se/image/upload/f_auto,t_200/07322540576474_C1N1_s04",
                "altText": null,
                "galleryIndex": null,
                "width": null
            },
            "ranking": 320.28754042258,
            "depositPrice": "",
            "averageWeight": null,
            "comparePrice": "2,49 kr",
            "comparePriceUnit": "st",
            "isDrugProduct": false,
            "solrSearchScore": 0.6426547169685364,
            "energyDeclaration": null,
            "newsSplashProduct": false,
            "notAllowedB2b": false,
            "notAllowedAnonymous": false,
            "productLine2": "LIBRESSE, 10p",
            "pickupProductLine2": "LIBRESSE, 10p",
            "priceUnit": "kr/st",
            "priceNoUnit": "24,90",
            "savingsAmount": 9.8,
            "googleAnalyticsCategory": "",
            "gdprTrackingIncompliant": false,
            "tobaccoProduct": false,
            "showGoodPriceIcon": false,
            "nicotineMedicalProduct": false,
            "tobaccoFreeNicotineProduct": false,
            "nonEkoProduct": false,
            "precautionaryStatements": [],
            "hazards": [],
            "labels": [
                "swan",
                "eu_flower",
                "environmental_facet"
            ],
            "seoDescription": "",
            "seoTitle": "",
            "manufacturer": "Libresse",
            "incrementValue": 1.0,
            "productBasketType": {
                "code": "ST",
                "type": "ProductBasketTypeEnum"
            },
            "bargainProduct": false,
            "addToCartMessage": "",
            "thumbnail": {
                "imageType": "PRIMARY",
                "format": "thumbnail",
                "url": "https://assets.axfood.se/image/upload/f_auto,t_100/07322540576474_C1N1_s04",
                "altText": null,
                "galleryIndex": null,
                "width": null
            },
            "outOfStock": false,
            "online": true,
            "displayVolume": "10p",
            "addToCartDisabled": false,
            "name": "Maxi Night+ Wings Super Heavy Comfort Nattbinda",
            "code": "101199591_ST"
        },
        {
            "potentialPromotions": [
                {
                    "threshold": null,
                    "applied": false,
                    "campaignType": "GENERAL",
                    "offerStatus": null,
                    "productCodes": [
                        "101228718_ST",
                        "101258983_ST",
                        "101259021_ST",
                        "101272501_ST",
                        "101332470_ST",
                        "101289847_ST",
                        "101289832_ST",
                        "101289874_ST",
                        "101289875_ST",
                        "101520575_ST",
                        "101800163_ST"
                    ],
                    "promotionTheme": {
                        "code": "Z065",
                        "visible": null
                    },
                    "lowestHistoricalPrice": null,
                    "textLabelGenerated": "",
                    "textLabelManual": null,
                    "price": {
                        "currencyIso": "SEK",
                        "value": 39.5,
                        "priceType": "BUY",
                        "formattedValue": "39,50 kr",
                        "minQuantity": null,
                        "maxQuantity": null
                    },
                    "promotionType": "MixMatchPricePromotion",
                    "conditionLabel": "Välj & blanda! 2 för",
                    "rewardLabel": "79,00",
                    "textLabel": "",
                    "redeemLimitLabel": "",
                    "cartLabel": null,
                    "validUntil": null,
                    "timesUsed": null,
                    "qualifyingCount": 2,
                    "comparePrice": "0,68 kr",
                    "splashTitleText": "",
                    "realMixAndMatch": true,
                    "mainProductCode": "101228718_ST",
                    "conditionLabelFormatted": "2 för",
                    "promotionRedeemLimit": null,
                    "promotionPercentage": null,
                    "cartLabelFormatted": "",
                    "priority": 408,
                    "code": "2500269645"
                }
            ],
            "inactivePotentialPromotions": [],
            "priceValue": 48.9,
            "price": "48,90 kr",
            "image": {
                "imageType": "PRIMARY",
                "format": "product",
                "url": "https://assets.axfood.se/image/upload/f_auto,t_200/04015400565574_C1N1_s04",
                "altText": null,
                "galleryIndex": null,
                "width": null
            },
            "ranking": 320.28044394386,
            "depositPrice": "",
            "averageWeight": null,
            "comparePrice": "0,84 kr",
            "comparePriceUnit": "st",
            "isDrugProduct": false,
            "solrSearchScore": 0.6426547169685364,
            "energyDeclaration": null,
            "newsSplashProduct": false,
            "notAllowedB2b": false,
            "notAllowedAnonymous": false,
            "productLine2": "ALWAYS, 58p",
            "pickupProductLine2": "ALWAYS, 58p",
            "priceUnit": "kr/st",
            "priceNoUnit": "48,90",
            "savingsAmount": 18.8,
            "googleAnalyticsCategory": "",
            "gdprTrackingIncompliant": false,
            "tobaccoProduct": false,
            "showGoodPriceIcon": false,
            "nicotineMedicalProduct": false,
            "tobaccoFreeNicotineProduct": false,
            "nonEkoProduct": false,
            "precautionaryStatements": [],
            "hazards": [],
            "labels": [],
            "seoDescription": "",
            "seoTitle": "",
            "manufacturer": "Always",
            "incrementValue": 1.0,
            "productBasketType": {
                "code": "ST",
                "type": "ProductBasketTypeEnum"
            },
            "bargainProduct": false,
            "addToCartMessage": "",
            "thumbnail": {
                "imageType": "PRIMARY",
                "format": "thumbnail",
                "url": "https://assets.axfood.se/image/upload/f_auto,t_100/04015400565574_C1N1_s04",
                "altText": null,
                "galleryIndex": null,
                "width": null
            },
            "outOfStock": false,
            "online": true,
            "displayVolume": "58p",
            "addToCartDisabled": false,
            "name": "Normal Daily Fresh Trosskydd",
            "code": "101228718_ST"
        },
        {
            "potentialPromotions": [
                {
                    "threshold": null,
                    "applied": false,
                    "campaignType": "GENERAL",
                    "offerStatus": null,
                    "productCodes": [
                        "101264098_ST",
                        "101264091_ST",
                        "101208087_ST",
                        "101208089_ST",
                        "101208126_ST",
                        "101208099_ST",
                        "101417528_ST",
                        "101193927_ST",
                        "101417529_ST",
                        "100849487_ST",
                        "101325025_ST",
                        "101325026_ST",
                        "101193937_ST",
                        "101325024_ST"
                    ],
                    "promotionTheme": {
                        "code": "Z065",
                        "visible": null
                    },
                    "lowestHistoricalPrice": null,
                    "textLabelGenerated": "",
                    "textLabelManual": null,
                    "price": {
                        "currencyIso": "SEK",
                        "value": 15.0,
                        "priceType": "BUY",
                        "formattedValue": "15,00 kr",
                        "minQuantity": null,
                        "maxQuantity": null
                    },
                    "promotionType": "MixMatchPricePromotion",
                    "conditionLabel": "Välj & blanda! 2 för",
                    "rewardLabel": "30,00",
                    "textLabel": "",
                    "redeemLimitLabel": "",
                    "cartLabel": null,
                    "validUntil": null,
                    "timesUsed": null,
                    "qualifyingCount": 2,
                    "comparePrice": "300,00 kr",
                    "splashTitleText": "",
                    "realMixAndMatch": true,
                    "mainProductCode": "101264098_ST",
                    "conditionLabelFormatted": "2 för",
                    "promotionRedeemLimit": null,
                    "promotionPercentage": null,
                    "cartLabelFormatted": "",
                    "priority": 408,
                    "code": "2500262501"
                }
            ],
            "inactivePotentialPromotions": [],
            "priceValue": 16.9,
            "price": "16,90 kr",
            "image": {
                "imageType": "PRIMARY",
                "format": "product",
                "url": "https://assets.axfood.se/image/upload/f_auto,t_200/07046110075562_C1N1_s01",
                "altText": null,
                "galleryIndex": null,
                "width": null
            },
            "ranking": 320.2775400949,
            "depositPrice": "",
            "averageWeight": null,
            "comparePrice": "338,00 kr",
            "comparePriceUnit": "l",
            "isDrugProduct": false,
            "solrSearchScore": 0.6426547169685364,
            "energyDeclaration": null,
            "newsSplashProduct": false,
            "notAllowedB2b": false,
            "notAllowedAnonymous": false,
            "productLine2": "JORDAN, 50ml",
            "pickupProductLine2": "JORDAN, 50ml",
            "priceUnit": "kr/st",
            "priceNoUnit": "16,90",
            "savingsAmount": 3.8,
            "googleAnalyticsCategory": "",
            "gdprTrackingIncompliant": false,
            "tobaccoProduct": false,
            "showGoodPriceIcon": false,
            "nicotineMedicalProduct": false,
            "tobaccoFreeNicotineProduct": false,
            "nonEkoProduct": false,
            "precautionaryStatements": [],
            "hazards": [],
            "labels": [
                "swan",
                "environmental_facet"
            ],
            "seoDescription": "",
            "seoTitle": "",
            "manufacturer": "Jordan",
            "incrementValue": 1.0,
            "productBasketType": {
                "code": "ST",
                "type": "ProductBasketTypeEnum"
            },
            "bargainProduct": false,
            "addToCartMessage": "",
            "thumbnail": {
                "imageType": "PRIMARY",
                "format": "thumbnail",
                "url": "https://assets.axfood.se/image/upload/f_auto,t_100/07046110075562_C1N1_s01",
                "altText": null,
                "galleryIndex": null,
                "width": null
            },
            "outOfStock": false,
            "online": true,
            "displayVolume": "50ml",
            "addToCartDisabled": false,
            "name": "Junior 6-12 År Tandkräm",
            "code": "101264098_ST"
        },
        {
            "potentialPromotions": [
                {
                    "threshold": null,
                    "applied": false,
                    "campaignType": "GENERAL",
                    "offerStatus": null,
                    "productCodes": [
                        "101755477_ST"
                    ],
                    "promotionTheme": {
                        "code": "Z062",
                        "visible": null
                    },
                    "lowestHistoricalPrice": null,
                    "textLabelGenerated": "",
                    "textLabelManual": null,
                    "price": {
                        "currencyIso": "SEK",
                        "value": 15.0,
                        "priceType": "BUY",
                        "formattedValue": "15,00 kr",
                        "minQuantity": null,
                        "maxQuantity": null
                    },
                    "promotionType": "MixMatchPricePromotion",
                    "conditionLabel": "2 för",
                    "rewardLabel": "30,00",
                    "textLabel": "",
                    "redeemLimitLabel": "",
                    "cartLabel": null,
                    "validUntil": null,
                    "timesUsed": null,
                    "qualifyingCount": 2,
                    "comparePrice": "60,00 kr",
                    "splashTitleText": "",
                    "realMixAndMatch": false,
                    "mainProductCode": "101755477_ST",
                    "conditionLabelFormatted": "",
                    "promotionRedeemLimit": null,
                    "promotionPercentage": null,
                    "cartLabelFormatted": "",
                    "priority": 408,
                    "code": "2500266245"
                }
            ],
            "inactivePotentialPromotions": [],
            "priceValue": 19.9,
            "price": "19,90 kr",
            "image": {
                "imageType": "PRIMARY",
                "format": "product",
                "url": "https://assets.axfood.se/image/upload/f_auto,t_200/07311043020683_C1N1_s01",
                "altText": null,
                "galleryIndex": null,
                "width": null
            },
            "ranking": 320.27098349458,
            "depositPrice": "",
            "averageWeight": null,
            "comparePrice": "79,60 kr",
            "comparePriceUnit": "kg",
            "isDrugProduct": false,
            "solrSearchScore": 0.6426547169685364,
            "energyDeclaration": null,
            "newsSplashProduct": false,
            "notAllowedB2b": false,
            "notAllowedAnonymous": false,
            "productLine2": "GARANT, 250g",
            "pickupProductLine2": "GARANT, 250g",
            "priceUnit": "kr/st",
            "priceNoUnit": "19,90",
            "savingsAmount": 9.8,
            "googleAnalyticsCategory": "",
            "gdprTrackingIncompliant": false,
            "tobaccoProduct": false,
            "showGoodPriceIcon": false,
            "nicotineMedicalProduct": false,
            "tobaccoFreeNicotineProduct": false,
            "nonEkoProduct": false,
            "precautionaryStatements": [],
            "hazards": [],
            "labels": [],
            "seoDescription": "",
            "seoTitle": "",
            "manufacturer": "Garant",
            "incrementValue": 1.0,
            "productBasketType": {
                "code": "ST",
                "type": "ProductBasketTypeEnum"
            },
            "bargainProduct": false,
            "addToCartMessage": "",
            "thumbnail": {
                "imageType": "PRIMARY",
                "format": "thumbnail",
                "url": "https://assets.axfood.se/image/upload/f_auto,t_100/07311043020683_C1N1_s01",
                "altText": null,
                "galleryIndex": null,
                "width": null
            },
            "outOfStock": false,
            "online": true,
            "displayVolume": "250g",
            "addToCartDisabled": false,
            "name": "Pane Napoletano",
            "code": "101755477_ST"
        },
        {
            "potentialPromotions": [
                {
                    "threshold": null,
                    "applied": false,
                    "campaignType": "GENERAL",
                    "offerStatus": null,
                    "productCodes": [
                        "101253314_ST",
                        "101193679_ST",
                        "101284500_ST"
                    ],
                    "promotionTheme": {
                        "code": "Z065",
                        "visible": null
                    },
                    "lowestHistoricalPrice": {
                        "currencyIso": "SEK",
                        "value": 19.9,
                        "priceType": "BUY",
                        "formattedValue": "19,90 kr",
                        "minQuantity": null,
                        "maxQuantity": null
                    },
                    "textLabelGenerated": "",
                    "textLabelManual": null,
                    "price": {
                        "currencyIso": "SEK",
                        "value": 14.9,
                        "priceType": "BUY",
                        "formattedValue": "14,90 kr",
                        "minQuantity": null,
                        "maxQuantity": null
                    },
                    "promotionType": "MixMatchPricePromotion",
                    "conditionLabel": "Spara 5,00 kr/st",
                    "rewardLabel": "14,90/st",
                    "textLabel": "",
                    "redeemLimitLabel": "",
                    "cartLabel": null,
                    "validUntil": null,
                    "timesUsed": null,
                    "qualifyingCount": 1,
                    "comparePrice": "59,60 kr",
                    "splashTitleText": "",
                    "realMixAndMatch": false,
                    "mainProductCode": "101253314_ST",
                    "conditionLabelFormatted": "",
                    "promotionRedeemLimit": null,
                    "promotionPercentage": null,
                    "cartLabelFormatted": "",
                    "priority": 408,
                    "code": "2500262510"
                }
            ],
            "inactivePotentialPromotions": [],
            "priceValue": 19.9,
            "price": "19,90 kr",
            "image": {
                "imageType": "PRIMARY",
                "format": "product",
                "url": "https://assets.axfood.se/image/upload/f_auto,t_200/07310614024525_C1N1_s04",
                "altText": null,
                "galleryIndex": null,
                "width": null
            },
            "ranking": 320.26753911186,
            "depositPrice": "",
            "averageWeight": null,
            "comparePrice": "79,60 kr",
            "comparePriceUnit": "l",
            "isDrugProduct": false,
            "solrSearchScore": 0.6426547169685364,
            "energyDeclaration": null,
            "newsSplashProduct": false,
            "notAllowedB2b": false,
            "notAllowedAnonymous": false,
            "productLine2": "LDB, 250ml",
            "pickupProductLine2": "LDB, 250ml",
            "priceUnit": "kr/st",
            "priceNoUnit": "19,90",
            "savingsAmount": 5.0,
            "googleAnalyticsCategory": "",
            "gdprTrackingIncompliant": false,
            "tobaccoProduct": false,
            "showGoodPriceIcon": false,
            "nicotineMedicalProduct": false,
            "tobaccoFreeNicotineProduct": false,
            "nonEkoProduct": false,
            "precautionaryStatements": [],
            "hazards": [],
            "labels": [],
            "seoDescription": "",
            "seoTitle": "",
            "manufacturer": "Ldb",
            "incrementValue": 1.0,
            "productBasketType": {
                "code": "ST",
                "type": "ProductBasketTypeEnum"
            },
            "bargainProduct": false,
            "addToCartMessage": "",
            "thumbnail": {
                "imageType": "PRIMARY",
                "format": "thumbnail",
                "url": "https://assets.axfood.se/image/upload/f_auto,t_100/07310614024525_C1N1_s04",
                "altText": null,
                "galleryIndex": null,
                "width": null
            },
            "outOfStock": false,
            "online": true,
            "displayVolume": "250ml",
            "addToCartDisabled": false,
            "name": "Oil Infused Nourishing Moisture Duschcreme",
            "code": "101253314_ST"
        },
        {
            "potentialPromotions": [
                {
                    "threshold": null,
                    "applied": false,
                    "campaignType": "GENERAL",
                    "offerStatus": null,
                    "productCodes": [
                        "101542410_ST",
                        "101542411_ST",
                        "101542412_ST"
                    ],
                    "promotionTheme": {
                        "code": "Z065",
                        "visible": null
                    },
                    "lowestHistoricalPrice": null,
                    "textLabelGenerated": "",
                    "textLabelManual": null,
                    "price": {
                        "currencyIso": "SEK",
                        "value": 29.5,
                        "priceType": "BUY",
                        "formattedValue": "29,50 kr",
                        "minQuantity": null,
                        "maxQuantity": null
                    },
                    "promotionType": "MixMatchPricePromotion",
                    "conditionLabel": "Välj & blanda! 2 för",
                    "rewardLabel": "59,00",
                    "textLabel": "",
                    "redeemLimitLabel": "",
                    "cartLabel": null,
                    "validUntil": null,
                    "timesUsed": null,
                    "qualifyingCount": 2,
                    "comparePrice": "98,33 kr",
                    "splashTitleText": "",
                    "realMixAndMatch": true,
                    "mainProductCode": "101542410_ST",
                    "conditionLabelFormatted": "2 för",
                    "promotionRedeemLimit": null,
                    "promotionPercentage": null,
                    "cartLabelFormatted": "",
                    "priority": 408,
                    "code": "2500269811"
                }
            ],
            "inactivePotentialPromotions": [],
            "priceValue": 42.9,
            "price": "42,90 kr",
            "image": {
                "imageType": "PRIMARY",
                "format": "product",
                "url": "https://assets.axfood.se/image/upload/f_auto,t_200/08700216156769_C1N1_s01",
                "altText": null,
                "galleryIndex": null,
                "width": null
            },
            "ranking": 320.26044590994,
            "depositPrice": "",
            "averageWeight": null,
            "comparePrice": "143,00 kr",
            "comparePriceUnit": "l",
            "isDrugProduct": false,
            "solrSearchScore": 0.6426547169685364,
            "energyDeclaration": null,
            "newsSplashProduct": false,
            "notAllowedB2b": false,
            "notAllowedAnonymous": false,
            "productLine2": "HEAD&SHOULDERS, 300ml",
            "pickupProductLine2": "HEAD&SHOULDERS, 300ml",
            "priceUnit": "kr/st",
            "priceNoUnit": "42,90",
            "savingsAmount": 26.8,
            "googleAnalyticsCategory": "",
            "gdprTrackingIncompliant": false,
            "tobaccoProduct": false,
            "showGoodPriceIcon": false,
            "nicotineMedicalProduct": false,
            "tobaccoFreeNicotineProduct": false,
            "nonEkoProduct": false,
            "precautionaryStatements": [],
            "hazards": [],
            "labels": [],
            "seoDescription": "",
            "seoTitle": "",
            "manufacturer": "Head&shoulders",
            "incrementValue": 1.0,
            "productBasketType": {
                "code": "ST",
                "type": "ProductBasketTypeEnum"
            },
            "bargainProduct": false,
            "addToCartMessage": "",
            "thumbnail": {
                "imageType": "PRIMARY",
                "format": "thumbnail",
                "url": "https://assets.axfood.se/image/upload/f_auto,t_100/08700216156769_C1N1_s01",
                "altText": null,
                "galleryIndex": null,
                "width": null
            },
            "outOfStock": false,
            "online": true,
            "displayVolume": "300ml",
            "addToCartDisabled": false,
            "name": "Classic Clean Schampo",
            "code": "101542410_ST"
        },
        {
            "potentialPromotions": [
                {
                    "threshold": null,
                    "applied": false,
                    "campaignType": "GENERAL",
                    "offerStatus": null,
                    "productCodes": [
                        "101758572_ST",
                        "101758573_ST",
                        "101758574_ST",
                        "101758578_ST",
                        "101758575_ST",
                        "101758576_ST",
                        "101758577_ST",
                        "101758580_ST",
                        "101758582_ST",
                        "101583780_ST",
                        "101758583_ST",
                        "101758584_ST"
                    ],
                    "promotionTheme": {
                        "code": "Z065",
                        "visible": null
                    },
                    "lowestHistoricalPrice": null,
                    "textLabelGenerated": "",
                    "textLabelManual": null,
                    "price": {
                        "currencyIso": "SEK",
                        "value": 49.5,
                        "priceType": "BUY",
                        "formattedValue": "49,50 kr",
                        "minQuantity": null,
                        "maxQuantity": null
                    },
                    "promotionType": "MixMatchPricePromotion",
                    "conditionLabel": "Välj & blanda! 2 för",
                    "rewardLabel": "99,00",
                    "textLabel": "",
                    "redeemLimitLabel": "",
                    "cartLabel": null,
                    "validUntil": null,
                    "timesUsed": null,
                    "qualifyingCount": 2,
                    "comparePrice": "165,00 kr",
                    "splashTitleText": "",
                    "realMixAndMatch": true,
                    "mainProductCode": "101758572_ST",
                    "conditionLabelFormatted": "2 för",
                    "promotionRedeemLimit": null,
                    "promotionPercentage": null,
                    "cartLabelFormatted": "",
                    "priority": 408,
                    "code": "2500269770"
                }
            ],
            "inactivePotentialPromotions": [],
            "priceValue": 65.9,
            "price": "65,90 kr",
            "image": {
                "imageType": "PRIMARY",
                "format": "product",
                "url": "https://assets.axfood.se/image/upload/f_auto,t_200/08700216919890_C1N1_s01",
                "altText": null,
                "galleryIndex": null,
                "width": null
            },
            "ranking": 320.25044525458,
            "depositPrice": "",
            "averageWeight": null,
            "comparePrice": "219,66 kr",
            "comparePriceUnit": "l",
            "isDrugProduct": false,
            "solrSearchScore": 0.6426547169685364,
            "energyDeclaration": null,
            "newsSplashProduct": false,
            "notAllowedB2b": false,
            "notAllowedAnonymous": false,
            "productLine2": "AUSSIE, 300ml",
            "pickupProductLine2": "AUSSIE, 300ml",
            "priceUnit": "kr/st",
            "priceNoUnit": "65,90",
            "savingsAmount": 32.8,
            "googleAnalyticsCategory": "",
            "gdprTrackingIncompliant": false,
            "tobaccoProduct": false,
            "showGoodPriceIcon": false,
            "nicotineMedicalProduct": false,
            "tobaccoFreeNicotineProduct": false,
            "nonEkoProduct": false,
            "precautionaryStatements": [],
            "hazards": [],
            "labels": [],
            "seoDescription": "",
            "seoTitle": "",
            "manufacturer": "Aussie",
            "incrementValue": 1.0,
            "productBasketType": {
                "code": "ST",
                "type": "ProductBasketTypeEnum"
            },
            "bargainProduct": false,
            "addToCartMessage": "",
            "thumbnail": {
                "imageType": "PRIMARY",
                "format": "thumbnail",
                "url": "https://assets.axfood.se/image/upload/f_auto,t_100/08700216919890_C1N1_s01",
                "altText": null,
                "galleryIndex": null,
                "width": null
            },
            "outOfStock": false,
            "online": true,
            "displayVolume": "300ml",
            "addToCartDisabled": false,
            "name": "Miracle Moist Schampo",
            "code": "101758572_ST"
        },
        {
            "potentialPromotions": [
                {
                    "threshold": null,
                    "applied": false,
                    "campaignType": "GENERAL",
                    "offerStatus": null,
                    "productCodes": [
                        "101817502_ST",
                        "101817530_ST",
                        "101817539_ST"
                    ],
                    "promotionTheme": {
                        "code": "Z065",
                        "visible": null
                    },
                    "lowestHistoricalPrice": {
                        "currencyIso": "SEK",
                        "value": 39.9,
                        "priceType": "BUY",
                        "formattedValue": "39,90 kr",
                        "minQuantity": null,
                        "maxQuantity": null
                    },
                    "textLabelGenerated": "",
                    "textLabelManual": null,
                    "price": {
                        "currencyIso": "SEK",
                        "value": 39.9,
                        "priceType": "BUY",
                        "formattedValue": "39,90 kr",
                        "minQuantity": null,
                        "maxQuantity": null
                    },
                    "promotionType": "MixMatchPricePromotion",
                    "conditionLabel": "",
                    "rewardLabel": "39,90/st",
                    "textLabel": "",
                    "redeemLimitLabel": "",
                    "cartLabel": null,
                    "validUntil": null,
                    "timesUsed": null,
                    "qualifyingCount": 1,
                    "comparePrice": "266,00 kr",
                    "splashTitleText": "",
                    "realMixAndMatch": false,
                    "mainProductCode": "101817502_ST",
                    "conditionLabelFormatted": "",
                    "promotionRedeemLimit": null,
                    "promotionPercentage": null,
                    "cartLabelFormatted": "",
                    "priority": 408,
                    "code": "2500273528"
                }
            ],
            "inactivePotentialPromotions": [],
            "priceValue": 39.9,
            "price": "39,90 kr",
            "image": {
                "imageType": "PRIMARY",
                "format": "product",
                "url": "https://assets.axfood.se/image/upload/f_auto,t_200/05054563039934_C1N1_s01",
                "altText": null,
                "galleryIndex": null,
                "width": null
            },
            "ranking": 320.23044427154,
            "depositPrice": "",
            "averageWeight": null,
            "comparePrice": "266,00 kr",
            "comparePriceUnit": "l",
            "isDrugProduct": false,
            "solrSearchScore": 0.6426547169685364,
            "energyDeclaration": null,
            "newsSplashProduct": false,
            "notAllowedB2b": false,
            "notAllowedAnonymous": false,
            "productLine2": "SENSODYNE, 150ml",
            "pickupProductLine2": "SENSODYNE, 150ml",
            "priceUnit": "kr/st",
            "priceNoUnit": "39,90",
            "savingsAmount": 0.0,
            "googleAnalyticsCategory": "",
            "gdprTrackingIncompliant": false,
            "tobaccoProduct": false,
            "showGoodPriceIcon": false,
            "nicotineMedicalProduct": false,
            "tobaccoFreeNicotineProduct": false,
            "nonEkoProduct": false,
            "precautionaryStatements": [],
            "hazards": [],
            "labels": [],
            "seoDescription": "",
            "seoTitle": "",
            "manufacturer": "Sensodyne",
            "incrementValue": 1.0,
            "productBasketType": {
                "code": "ST",
                "type": "ProductBasketTypeEnum"
            },
            "bargainProduct": true,
            "addToCartMessage": "",
            "thumbnail": {
                "imageType": "PRIMARY",
                "format": "thumbnail",
                "url": "https://assets.axfood.se/image/upload/f_auto,t_100/05054563039934_C1N1_s01",
                "altText": null,
                "galleryIndex": null,
                "width": null
            },
            "outOfStock": false,
            "online": true,
            "displayVolume": "150ml",
            "addToCartDisabled": false,
            "name": "Gentle Whitening 2p Tandkräm",
            "code": "101817502_ST"
        },
        {
            "potentialPromotions": [
                {
                    "threshold": 0.0,
                    "applied": false,
                    "campaignType": "GENERAL",
                    "offerStatus": null,
                    "productCodes": null,
                    "promotionTheme": {
                        "code": "Z084",
                        "visible": null
                    },
                    "lowestHistoricalPrice": null,
                    "textLabelGenerated": "",
                    "textLabelManual": null,
                    "price": {
                        "currencyIso": "SEK",
                        "value": 19.900000000000002,
                        "priceType": "BUY",
                        "formattedValue": "19,90 kr/kg",
                        "minQuantity": null,
                        "maxQuantity": null
                    },
                    "promotionType": "SubtotalOrderPromotion",
                    "conditionLabel": "",
                    "rewardLabel": "19,90/kg",
                    "textLabel": "",
                    "redeemLimitLabel": "Max 3 köp",
                    "cartLabel": null,
                    "validUntil": null,
                    "timesUsed": null,
                    "qualifyingCount": null,
                    "comparePrice": "19,90 kr/kg",
                    "splashTitleText": "",
                    "realMixAndMatch": false,
                    "mainProductCode": "100144504_KG",
                    "conditionLabelFormatted": "",
                    "promotionRedeemLimit": null,
                    "promotionPercentage": null,
                    "cartLabelFormatted": "",
                    "priority": 409,
                    "code": "2500277955"
                }
            ],
            "inactivePotentialPromotions": [],
            "priceValue": 19.9,
            "price": "19,90 kr/kg",
            "image": {
                "imageType": "PRIMARY",
                "format": "product",
                "url": "https://assets.axfood.se/image/upload/f_auto,t_200/07311042000495_C1N0_s01",
                "altText": null,
                "galleryIndex": null,
                "width": null
            },
            "ranking": 320.2204547573,
            "depositPrice": "",
            "averageWeight": 0.2,
            "comparePrice": "19,90 kr",
            "comparePriceUnit": "kg",
            "isDrugProduct": false,
            "solrSearchScore": 0.6426547169685364,
            "energyDeclaration": null,
            "newsSplashProduct": false,
            "notAllowedB2b": false,
            "notAllowedAnonymous": false,
            "productLine2": "ca: 200g",
            "pickupProductLine2": "ca: 200g",
            "priceUnit": "kr/kg",
            "priceNoUnit": "19,90",
            "savingsAmount": -2e-15,
            "googleAnalyticsCategory": "",
            "gdprTrackingIncompliant": false,
            "tobaccoProduct": false,
            "showGoodPriceIcon": false,
            "nicotineMedicalProduct": false,
            "tobaccoFreeNicotineProduct": false,
            "nonEkoProduct": false,
            "precautionaryStatements": [],
            "hazards": [],
            "labels": [
                "keyhole"
            ],
            "seoDescription": "",
            "seoTitle": "",
            "manufacturer": null,
            "incrementValue": 1.0,
            "productBasketType": {
                "code": "ST",
                "type": "ProductBasketTypeEnum"
            },
            "bargainProduct": false,
            "addToCartMessage": "",
            "thumbnail": {
                "imageType": "PRIMARY",
                "format": "thumbnail",
                "url": "https://assets.axfood.se/image/upload/f_auto,t_100/07311042000495_C1N0_s01",
                "altText": null,
                "galleryIndex": null,
                "width": null
            },
            "outOfStock": false,
            "online": true,
            "displayVolume": "ca: 200g",
            "addToCartDisabled": false,
            "name": "Äpple Royal Gala Klass 1",
            "code": "100144504_KG"
        },
        {
            "potentialPromotions": [
                {
                    "threshold": null,
                    "applied": false,
                    "campaignType": "GENERAL",
                    "offerStatus": null,
                    "productCodes": [
                        "101325915_ST"
                    ],
                    "promotionTheme": {
                        "code": "Z062",
                        "visible": null
                    },
                    "lowestHistoricalPrice": {
                        "currencyIso": "SEK",
                        "value": 59.9,
                        "priceType": "BUY",
                        "formattedValue": "59,90 kr",
                        "minQuantity": null,
                        "maxQuantity": null
                    },
                    "textLabelGenerated": "",
                    "textLabelManual": null,
                    "price": {
                        "currencyIso": "SEK",
                        "value": 49.9,
                        "priceType": "BUY",
                        "formattedValue": "49,90 kr",
                        "minQuantity": null,
                        "maxQuantity": null
                    },
                    "promotionType": "MixMatchPricePromotion",
                    "conditionLabel": "Spara 10,00 kr/st",
                    "rewardLabel": "49,90/st",
                    "textLabel": "",
                    "redeemLimitLabel": "",
                    "cartLabel": null,
                    "validUntil": null,
                    "timesUsed": null,
                    "qualifyingCount": 1,
                    "comparePrice": "0,50 kr",
                    "splashTitleText": "",
                    "realMixAndMatch": false,
                    "mainProductCode": "101325915_ST",
                    "conditionLabelFormatted": "",
                    "promotionRedeemLimit": null,
                    "promotionPercentage": null,
                    "cartLabelFormatted": "",
                    "priority": 408,
                    "code": "2500268003"
                }
            ],
            "inactivePotentialPromotions": [],
            "priceValue": 59.9,
            "price": "59,90 kr",
            "image": {
                "imageType": "PRIMARY",
                "format": "product",
                "url": "https://assets.axfood.se/image/upload/f_auto,t_200/08711167993686_C1L1_s01",
                "altText": null,
                "galleryIndex": null,
                "width": null
            },
            "ranking": 320.21091828626,
            "depositPrice": "",
            "averageWeight": null,
            "comparePrice": "0,60 kr",
            "comparePriceUnit": "st",
            "isDrugProduct": false,
            "solrSearchScore": 0.6426547169685364,
            "energyDeclaration": null,
            "newsSplashProduct": false,
            "notAllowedB2b": false,
            "notAllowedAnonymous": false,
            "productLine2": "H&F, 100p",
            "pickupProductLine2": "H&F, 100p",
            "priceUnit": "kr/st",
            "priceNoUnit": "59,90",
            "savingsAmount": 10.0,
            "googleAnalyticsCategory": "",
            "gdprTrackingIncompliant": false,
            "tobaccoProduct": false,
            "showGoodPriceIcon": false,
            "nicotineMedicalProduct": false,
            "tobaccoFreeNicotineProduct": false,
            "nonEkoProduct": false,
            "precautionaryStatements": [],
            "hazards": [],
            "labels": [],
            "seoDescription": "",
            "seoTitle": "",
            "manufacturer": "H&f",
            "incrementValue": 1.0,
            "productBasketType": {
                "code": "ST",
                "type": "ProductBasketTypeEnum"
            },
            "bargainProduct": false,
            "addToCartMessage": "",
            "thumbnail": {
                "imageType": "PRIMARY",
                "format": "thumbnail",
                "url": "https://assets.axfood.se/image/upload/f_auto,t_100/08711167993686_C1L1_s01",
                "altText": null,
                "galleryIndex": null,
                "width": null
            },
            "outOfStock": false,
            "online": true,
            "displayVolume": "100p",
            "addToCartDisabled": false,
            "name": "Tändblock",
            "code": "101325915_ST"
        },
        {
            "potentialPromotions": [
                {
                    "threshold": 0.0,
                    "applied": false,
                    "campaignType": "GENERAL",
                    "offerStatus": null,
                    "productCodes": null,
                    "promotionTheme": {
                        "code": "Z084",
                        "visible": null
                    },
                    "lowestHistoricalPrice": null,
                    "textLabelGenerated": "",
                    "textLabelManual": null,
                    "price": {
                        "currencyIso": "SEK",
                        "value": 19.900000000000002,
                        "priceType": "BUY",
                        "formattedValue": "19,90 kr/kg",
                        "minQuantity": null,
                        "maxQuantity": null
                    },
                    "promotionType": "SubtotalOrderPromotion",
                    "conditionLabel": "Spara 10,00 kr/kg",
                    "rewardLabel": "19,90/kg",
                    "textLabel": "",
                    "redeemLimitLabel": "Max 5 köp",
                    "cartLabel": null,
                    "validUntil": null,
                    "timesUsed": null,
                    "qualifyingCount": null,
                    "comparePrice": "19,90 kr/kg",
                    "splashTitleText": "",
                    "realMixAndMatch": false,
                    "mainProductCode": "100147752_KG",
                    "conditionLabelFormatted": "",
                    "promotionRedeemLimit": null,
                    "promotionPercentage": null,
                    "cartLabelFormatted": "",
                    "priority": 409,
                    "code": "2500277924"
                }
            ],
            "inactivePotentialPromotions": [],
            "priceValue": 29.9,
            "price": "29,90 kr/kg",
            "image": {
                "imageType": "PRIMARY",
                "format": "product",
                "url": "https://assets.axfood.se/image/upload/f_auto,t_200/07311042002666_C1N1_s01",
                "altText": null,
                "galleryIndex": null,
                "width": null
            },
            "ranking": 320.21045672338,
            "depositPrice": "",
            "averageWeight": 0.8,
            "comparePrice": "29,90 kr",
            "comparePriceUnit": "kg",
            "isDrugProduct": false,
            "solrSearchScore": 0.6426547169685364,
            "energyDeclaration": null,
            "newsSplashProduct": false,
            "notAllowedB2b": false,
            "notAllowedAnonymous": false,
            "productLine2": "ca: 800g",
            "pickupProductLine2": "ca: 800g",
            "priceUnit": "kr/kg",
            "priceNoUnit": "29,90",
            "savingsAmount": 9.999999999999998,
            "googleAnalyticsCategory": "",
            "gdprTrackingIncompliant": false,
            "tobaccoProduct": false,
            "showGoodPriceIcon": false,
            "nicotineMedicalProduct": false,
            "tobaccoFreeNicotineProduct": false,
            "nonEkoProduct": false,
            "precautionaryStatements": [],
            "hazards": [],
            "labels": [
                "swedish_flag",
                "keyhole"
            ],
            "seoDescription": "",
            "seoTitle": "",
            "manufacturer": null,
            "incrementValue": 1.0,
            "productBasketType": {
                "code": "ST",
                "type": "ProductBasketTypeEnum"
            },
            "bargainProduct": false,
            "addToCartMessage": "",
            "thumbnail": {
                "imageType": "PRIMARY",
                "format": "thumbnail",
                "url": "https://assets.axfood.se/image/upload/f_auto,t_100/07311042002666_C1N1_s01",
                "altText": null,
                "galleryIndex": null,
                "width": null
            },
            "outOfStock": false,
            "online": true,
            "displayVolume": "ca: 800g",
            "addToCartDisabled": false,
            "name": "Salladskål Klass 1",
            "code": "100147752_KG"
        },
        {
            "potentialPromotions": [
                {
                    "threshold": null,
                    "applied": false,
                    "campaignType": "GENERAL",
                    "offerStatus": null,
                    "productCodes": [
                        "101624088_ST"
                    ],
                    "promotionTheme": {
                        "code": "Z062",
                        "visible": null
                    },
                    "lowestHistoricalPrice": {
                        "currencyIso": "SEK",
                        "value": 29.9,
                        "priceType": "BUY",
                        "formattedValue": "29,90 kr",
                        "minQuantity": null,
                        "maxQuantity": null
                    },
                    "textLabelGenerated": "",
                    "textLabelManual": null,
                    "price": {
                        "currencyIso": "SEK",
                        "value": 24.9,
                        "priceType": "BUY",
                        "formattedValue": "24,90 kr",
                        "minQuantity": null,
                        "maxQuantity": null
                    },
                    "promotionType": "MixMatchPricePromotion",
                    "conditionLabel": "Spara 5,00 kr/st",
                    "rewardLabel": "24,90/st",
                    "textLabel": "",
                    "redeemLimitLabel": "",
                    "cartLabel": null,
                    "validUntil": null,
                    "timesUsed": null,
                    "qualifyingCount": 1,
                    "comparePrice": "24,90 kr",
                    "splashTitleText": "",
                    "realMixAndMatch": false,
                    "mainProductCode": "101624088_ST",
                    "conditionLabelFormatted": "",
                    "promotionRedeemLimit": null,
                    "promotionPercentage": null,
                    "cartLabelFormatted": "",
                    "priority": 408,
                    "code": "2500268013"
                }
            ],
            "inactivePotentialPromotions": [],
            "priceValue": 29.9,
            "price": "29,90 kr",
            "image": {
                "imageType": "PRIMARY",
                "format": "product",
                "url": "https://assets.axfood.se/image/upload/f_auto,t_200/07311043013043_C1N1_s01",
                "altText": null,
                "galleryIndex": null,
                "width": null
            },
            "ranking": 320.20091861394,
            "depositPrice": "",
            "averageWeight": null,
            "comparePrice": "29,90 kr",
            "comparePriceUnit": "st",
            "isDrugProduct": false,
            "solrSearchScore": 0.6426547169685364,
            "energyDeclaration": null,
            "newsSplashProduct": false,
            "notAllowedB2b": false,
            "notAllowedAnonymous": false,
            "productLine2": "st",
            "pickupProductLine2": "st",
            "priceUnit": "kr/st",
            "priceNoUnit": "29,90",
            "savingsAmount": 5.0,
            "googleAnalyticsCategory": "",
            "gdprTrackingIncompliant": false,
            "tobaccoProduct": false,
            "showGoodPriceIcon": false,
            "nicotineMedicalProduct": false,
            "tobaccoFreeNicotineProduct": false,
            "nonEkoProduct": false,
            "precautionaryStatements": [],
            "hazards": [],
            "labels": [],
            "seoDescription": "",
            "seoTitle": "",
            "manufacturer": null,
            "incrementValue": 1.0,
            "productBasketType": {
                "code": "ST",
                "type": "ProductBasketTypeEnum"
            },
            "bargainProduct": false,
            "addToCartMessage": "",
            "thumbnail": {
                "imageType": "PRIMARY",
                "format": "thumbnail",
                "url": "https://assets.axfood.se/image/upload/f_auto,t_100/07311043013043_C1N1_s01",
                "altText": null,
                "galleryIndex": null,
                "width": null
            },
            "outOfStock": false,
            "online": true,
            "displayVolume": "st",
            "addToCartDisabled": false,
            "name": "Braständare 2p",
            "code": "101624088_ST"
        },
        {
            "potentialPromotions": [
                {
                    "threshold": null,
                    "applied": false,
                    "campaignType": "GENERAL",
                    "offerStatus": null,
                    "productCodes": [
                        "100295333_ST"
                    ],
                    "promotionTheme": {
                        "code": "Z084",
                        "visible": null
                    },
                    "lowestHistoricalPrice": null,
                    "textLabelGenerated": "",
                    "textLabelManual": null,
                    "price": {
                        "currencyIso": "SEK",
                        "value": 9.9,
                        "priceType": "BUY",
                        "formattedValue": "9,90 kr",
                        "minQuantity": null,
                        "maxQuantity": null
                    },
                    "promotionType": "MixMatchPricePromotion",
                    "conditionLabel": "Spara 9,00 kr/st",
                    "rewardLabel": "9,90/st",
                    "textLabel": "",
                    "redeemLimitLabel": "Max 3 köp",
                    "cartLabel": null,
                    "validUntil": null,
                    "timesUsed": null,
                    "qualifyingCount": 1,
                    "comparePrice": "34,26 kr",
                    "splashTitleText": "",
                    "realMixAndMatch": false,
                    "mainProductCode": "100295333_ST",
                    "conditionLabelFormatted": "",
                    "promotionRedeemLimit": null,
                    "promotionPercentage": null,
                    "cartLabelFormatted": "",
                    "priority": 408,
                    "code": "2500277990"
                }
            ],
            "inactivePotentialPromotions": [],
            "priceValue": 18.9,
            "price": "18,90 kr",
            "image": {
                "imageType": "PRIMARY",
                "format": "product",
                "url": "https://assets.axfood.se/image/upload/f_auto,t_200/07311042011705_C1C1_s01",
                "altText": null,
                "galleryIndex": null,
                "width": null
            },
            "ranking": 320.20045836178,
            "depositPrice": "",
            "averageWeight": null,
            "comparePrice": "65,40 kr",
            "comparePriceUnit": "kg",
            "isDrugProduct": false,
            "solrSearchScore": 0.6426547169685364,
            "energyDeclaration": null,
            "newsSplashProduct": false,
            "notAllowedB2b": false,
            "notAllowedAnonymous": false,
            "productLine2": "289g",
            "pickupProductLine2": "289g",
            "priceUnit": "kr/st",
            "priceNoUnit": "18,90",
            "savingsAmount": 9.0,
            "googleAnalyticsCategory": "",
            "gdprTrackingIncompliant": false,
            "tobaccoProduct": false,
            "showGoodPriceIcon": false,
            "nicotineMedicalProduct": false,
            "tobaccoFreeNicotineProduct": false,
            "nonEkoProduct": false,
            "precautionaryStatements": [],
            "hazards": [],
            "labels": [
                "keyhole"
            ],
            "seoDescription": "",
            "seoTitle": "",
            "manufacturer": null,
            "incrementValue": 1.0,
            "productBasketType": {
                "code": "ST",
                "type": "ProductBasketTypeEnum"
            },
            "bargainProduct": false,
            "addToCartMessage": "",
            "thumbnail": {
                "imageType": "PRIMARY",
                "format": "thumbnail",
                "url": "https://assets.axfood.se/image/upload/f_auto,t_100/07311042011705_C1C1_s01",
                "altText": null,
                "galleryIndex": null,
                "width": null
            },
            "outOfStock": false,
            "online": true,
            "displayVolume": "289g",
            "addToCartDisabled": false,
            "name": "Granatäpple",
            "code": "100295333_ST"
        },
        {
            "potentialPromotions": [
                {
                    "threshold": null,
                    "applied": false,
                    "campaignType": "GENERAL",
                    "offerStatus": null,
                    "productCodes": [
                        "101282852_ST",
                        "101333309_ST",
                        "101333310_ST",
                        "101282878_ST",
                        "100319479_ST",
                        "100319530_ST",
                        "100841877_ST",
                        "101674775_ST",
                        "101778330_ST",
                        "101780325_ST",
                        "101780327_ST",
                        "101333304_ST",
                        "101510624_ST"
                    ],
                    "promotionTheme": {
                        "code": "Z062",
                        "visible": null
                    },
                    "lowestHistoricalPrice": {
                        "currencyIso": "SEK",
                        "value": 24.9,
                        "priceType": "BUY",
                        "formattedValue": "24,90 kr",
                        "minQuantity": null,
                        "maxQuantity": null
                    },
                    "textLabelGenerated": "",
                    "textLabelManual": null,
                    "price": {
                        "currencyIso": "SEK",
                        "value": 21.9,
                        "priceType": "BUY",
                        "formattedValue": "21,90 kr",
                        "minQuantity": null,
                        "maxQuantity": null
                    },
                    "promotionType": "MixMatchPricePromotion",
                    "conditionLabel": "Spara 3,00 kr/st",
                    "rewardLabel": "21,90/st",
                    "textLabel": "",
                    "redeemLimitLabel": "",
                    "cartLabel": null,
                    "validUntil": null,
                    "timesUsed": null,
                    "qualifyingCount": 1,
                    "comparePrice": "219,00 kr",
                    "splashTitleText": "",
                    "realMixAndMatch": false,
                    "mainProductCode": "101282852_ST",
                    "conditionLabelFormatted": "",
                    "promotionRedeemLimit": null,
                    "promotionPercentage": null,
                    "cartLabelFormatted": "",
                    "priority": 408,
                    "code": "2500267952"
                }
            ],
            "inactivePotentialPromotions": [],
            "priceValue": 24.9,
            "price": "24,90 kr",
            "image": {
                "imageType": "PRIMARY",
                "format": "product",
                "url": "https://assets.axfood.se/image/upload/f_auto,t_200/04000417700001_C1N1_s01",
                "altText": null,
                "galleryIndex": null,
                "width": null
            },
            "ranking": 320.1909012469,
            "depositPrice": "",
            "averageWeight": null,
            "comparePrice": "249,00 kr",
            "comparePriceUnit": "kg",
            "isDrugProduct": false,
            "solrSearchScore": 0.6426547169685364,
            "energyDeclaration": null,
            "newsSplashProduct": false,
            "notAllowedB2b": false,
            "notAllowedAnonymous": false,
            "productLine2": "RITTER SPORT, 100g",
            "pickupProductLine2": "RITTER SPORT, 100g",
            "priceUnit": "kr/st",
            "priceNoUnit": "24,90",
            "savingsAmount": 3.0,
            "googleAnalyticsCategory": "",
            "gdprTrackingIncompliant": false,
            "tobaccoProduct": false,
            "showGoodPriceIcon": false,
            "nicotineMedicalProduct": false,
            "tobaccoFreeNicotineProduct": false,
            "nonEkoProduct": false,
            "precautionaryStatements": [],
            "hazards": [],
            "labels": [
                "rainforest_alliance",
                "environmental_facet"
            ],
            "seoDescription": "",
            "seoTitle": "",
            "manufacturer": "Ritter Sport",
            "incrementValue": 1.0,
            "productBasketType": {
                "code": "ST",
                "type": "ProductBasketTypeEnum"
            },
            "bargainProduct": false,
            "addToCartMessage": "",
            "thumbnail": {
                "imageType": "PRIMARY",
                "format": "thumbnail",
                "url": "https://assets.axfood.se/image/upload/f_auto,t_100/04000417700001_C1N1_s01",
                "altText": null,
                "galleryIndex": null,
                "width": null
            },
            "outOfStock": false,
            "online": true,
            "displayVolume": "100g",
            "addToCartDisabled": false,
            "name": "Whole Hazelnut Whole",
            "code": "101282852_ST"
        },
        {
            "potentialPromotions": [
                {
                    "threshold": null,
                    "applied": false,
                    "campaignType": "GENERAL",
                    "offerStatus": null,
                    "productCodes": [
                        "101261810_ST",
                        "101261716_ST",
                        "101261783_ST",
                        "101778322_ST",
                        "101600181_ST",
                        "101261807_ST",
                        "101261812_ST"
                    ],
                    "promotionTheme": {
                        "code": "Z062",
                        "visible": null
                    },
                    "lowestHistoricalPrice": {
                        "currencyIso": "SEK",
                        "value": 18.9,
                        "priceType": "BUY",
                        "formattedValue": "18,90 kr",
                        "minQuantity": null,
                        "maxQuantity": null
                    },
                    "textLabelGenerated": "",
                    "textLabelManual": null,
                    "price": {
                        "currencyIso": "SEK",
                        "value": 14.9,
                        "priceType": "BUY",
                        "formattedValue": "14,90 kr",
                        "minQuantity": null,
                        "maxQuantity": null
                    },
                    "promotionType": "MixMatchPricePromotion",
                    "conditionLabel": "Spara 4,00 kr/st",
                    "rewardLabel": "14,90/st",
                    "textLabel": "",
                    "redeemLimitLabel": "",
                    "cartLabel": null,
                    "validUntil": null,
                    "timesUsed": null,
                    "qualifyingCount": 1,
                    "comparePrice": "206,94 kr",
                    "splashTitleText": "",
                    "realMixAndMatch": false,
                    "mainProductCode": "101261810_ST",
                    "conditionLabelFormatted": "",
                    "promotionRedeemLimit": null,
                    "promotionPercentage": null,
                    "cartLabelFormatted": "",
                    "priority": 408,
                    "code": "2500267866"
                }
            ],
            "inactivePotentialPromotions": [],
            "priceValue": 18.9,
            "price": "18,90 kr",
            "image": {
                "imageType": "PRIMARY",
                "format": "product",
                "url": "https://assets.axfood.se/image/upload/f_auto,t_200/04030300022262_C1N1_s03",
                "altText": null,
                "galleryIndex": null,
                "width": null
            },
            "ranking": 320.18090026386,
            "depositPrice": "",
            "averageWeight": null,
            "comparePrice": "262,50 kr",
            "comparePriceUnit": "kg",
            "isDrugProduct": false,
            "solrSearchScore": 0.6426547169685364,
            "energyDeclaration": null,
            "newsSplashProduct": false,
            "notAllowedB2b": false,
            "notAllowedAnonymous": false,
            "productLine2": "VICKS, 72g",
            "pickupProductLine2": "VICKS, 72g",
            "priceUnit": "kr/st",
            "priceNoUnit": "18,90",
            "savingsAmount": 4.0,
            "googleAnalyticsCategory": "",
            "gdprTrackingIncompliant": false,
            "tobaccoProduct": false,
            "showGoodPriceIcon": false,
            "nicotineMedicalProduct": false,
            "tobaccoFreeNicotineProduct": false,
            "nonEkoProduct": false,
            "precautionaryStatements": [],
            "hazards": [],
            "labels": [],
            "seoDescription": "",
            "seoTitle": "",
            "manufacturer": "Vicks",
            "incrementValue": 1.0,
            "productBasketType": {
                "code": "ST",
                "type": "ProductBasketTypeEnum"
            },
            "bargainProduct": false,
            "addToCartMessage": "",
            "thumbnail": {
                "imageType": "PRIMARY",
                "format": "thumbnail",
                "url": "https://assets.axfood.se/image/upload/f_auto,t_100/04030300022262_C1N1_s03",
                "altText": null,
                "galleryIndex": null,
                "width": null
            },
            "outOfStock": false,
            "online": true,
            "displayVolume": "72g",
            "addToCartDisabled": false,
            "name": "Honey Fresh Halstablett",
            "code": "101261810_ST"
        },
        {
            "potentialPromotions": [
                {
                    "threshold": null,
                    "applied": false,
                    "campaignType": "GENERAL",
                    "offerStatus": null,
                    "productCodes": [
                        "100816306_ST"
                    ],
                    "promotionTheme": {
                        "code": "Z084",
                        "visible": null
                    },
                    "lowestHistoricalPrice": null,
                    "textLabelGenerated": "",
                    "textLabelManual": null,
                    "price": {
                        "currencyIso": "SEK",
                        "value": 14.9,
                        "priceType": "BUY",
                        "formattedValue": "14,90 kr",
                        "minQuantity": null,
                        "maxQuantity": null
                    },
                    "promotionType": "MixMatchPricePromotion",
                    "conditionLabel": "Spara 5,00 kr/st",
                    "rewardLabel": "14,90/st",
                    "textLabel": "",
                    "redeemLimitLabel": "Max 5 köp",
                    "cartLabel": null,
                    "validUntil": null,
                    "timesUsed": null,
                    "qualifyingCount": 1,
                    "comparePrice": "74,50 kr",
                    "splashTitleText": "",
                    "realMixAndMatch": false,
                    "mainProductCode": "100816306_ST",
                    "conditionLabelFormatted": "",
                    "promotionRedeemLimit": null,
                    "promotionPercentage": null,
                    "cartLabelFormatted": "",
                    "priority": 408,
                    "code": "2500277957"
                }
            ],
            "inactivePotentialPromotions": [],
            "priceValue": 19.9,
            "price": "19,90 kr",
            "image": {
                "imageType": "PRIMARY",
                "format": "product",
                "url": "https://assets.axfood.se/image/upload/f_auto,t_200/07311042001683_C1N1_s01",
                "altText": null,
                "galleryIndex": null,
                "width": null
            },
            "ranking": 320.18045541266,
            "depositPrice": "",
            "averageWeight": null,
            "comparePrice": "99,50 kr",
            "comparePriceUnit": "kg",
            "isDrugProduct": false,
            "solrSearchScore": 0.6426547169685364,
            "energyDeclaration": null,
            "newsSplashProduct": false,
            "notAllowedB2b": false,
            "notAllowedAnonymous": false,
            "productLine2": "200g",
            "pickupProductLine2": "200g",
            "priceUnit": "kr/st",
            "priceNoUnit": "19,90",
            "savingsAmount": 5.0,
            "googleAnalyticsCategory": "",
            "gdprTrackingIncompliant": false,
            "tobaccoProduct": false,
            "showGoodPriceIcon": false,
            "nicotineMedicalProduct": false,
            "tobaccoFreeNicotineProduct": false,
            "nonEkoProduct": false,
            "precautionaryStatements": [],
            "hazards": [],
            "labels": [
                "keyhole"
            ],
            "seoDescription": "",
            "seoTitle": "",
            "manufacturer": null,
            "incrementValue": 1.0,
            "productBasketType": {
                "code": "ST",
                "type": "ProductBasketTypeEnum"
            },
            "bargainProduct": false,
            "addToCartMessage": "",
            "thumbnail": {
                "imageType": "PRIMARY",
                "format": "thumbnail",
                "url": "https://assets.axfood.se/image/upload/f_auto,t_100/07311042001683_C1N1_s01",
                "altText": null,
                "galleryIndex": null,
                "width": null
            },
            "outOfStock": false,
            "online": true,
            "displayVolume": "200g",
            "addToCartDisabled": false,
            "name": "Spetspaprika Röd Klass 1",
            "code": "100816306_ST"
        },
        {
            "potentialPromotions": [
                {
                    "threshold": null,
                    "applied": false,
                    "campaignType": "GENERAL",
                    "offerStatus": null,
                    "productCodes": [
                        "101692574_ST",
                        "101692575_ST"
                    ],
                    "promotionTheme": {
                        "code": "Z062",
                        "visible": null
                    },
                    "lowestHistoricalPrice": {
                        "currencyIso": "SEK",
                        "value": 69.9,
                        "priceType": "BUY",
                        "formattedValue": "69,90 kr",
                        "minQuantity": null,
                        "maxQuantity": null
                    },
                    "textLabelGenerated": "",
                    "textLabelManual": null,
                    "price": {
                        "currencyIso": "SEK",
                        "value": 44.9,
                        "priceType": "BUY",
                        "formattedValue": "44,90 kr",
                        "minQuantity": null,
                        "maxQuantity": null
                    },
                    "promotionType": "MixMatchPricePromotion",
                    "conditionLabel": "Spara 25,00 kr/st",
                    "rewardLabel": "44,90/st",
                    "textLabel": "",
                    "redeemLimitLabel": "",
                    "cartLabel": null,
                    "validUntil": null,
                    "timesUsed": null,
                    "qualifyingCount": 1,
                    "comparePrice": "4,49 kr",
                    "splashTitleText": "",
                    "realMixAndMatch": false,
                    "mainProductCode": "101692574_ST",
                    "conditionLabelFormatted": "",
                    "promotionRedeemLimit": null,
                    "promotionPercentage": null,
                    "cartLabelFormatted": "",
                    "priority": 408,
                    "code": "2500267938"
                }
            ],
            "inactivePotentialPromotions": [],
            "priceValue": 69.9,
            "price": "69,90 kr",
            "image": {
                "imageType": "PRIMARY",
                "format": "product",
                "url": "https://assets.axfood.se/image/upload/f_auto,t_200/04008496067220_C1N1_s01",
                "altText": null,
                "galleryIndex": null,
                "width": null
            },
            "ranking": 320.17090091922,
            "depositPrice": "",
            "averageWeight": null,
            "comparePrice": "6,99 kr",
            "comparePriceUnit": "st",
            "isDrugProduct": false,
            "solrSearchScore": 0.6426547169685364,
            "energyDeclaration": null,
            "newsSplashProduct": false,
            "notAllowedB2b": false,
            "notAllowedAnonymous": false,
            "productLine2": "VARTA, 10p",
            "pickupProductLine2": "VARTA, 10p",
            "priceUnit": "kr/st",
            "priceNoUnit": "69,90",
            "savingsAmount": 25.0,
            "googleAnalyticsCategory": "",
            "gdprTrackingIncompliant": false,
            "tobaccoProduct": false,
            "showGoodPriceIcon": false,
            "nicotineMedicalProduct": false,
            "tobaccoFreeNicotineProduct": false,
            "nonEkoProduct": false,
            "precautionaryStatements": [],
            "hazards": [],
            "labels": [
                "swan",
                "environmental_facet"
            ],
            "seoDescription": "",
            "seoTitle": "",
            "manufacturer": "Varta",
            "incrementValue": 1.0,
            "productBasketType": {
                "code": "ST",
                "type": "ProductBasketTypeEnum"
            },
            "bargainProduct": false,
            "addToCartMessage": "",
            "thumbnail": {
                "imageType": "PRIMARY",
                "format": "thumbnail",
                "url": "https://assets.axfood.se/image/upload/f_auto,t_100/04008496067220_C1N1_s01",
                "altText": null,
                "galleryIndex": null,
                "width": null
            },
            "outOfStock": false,
            "online": true,
            "displayVolume": "10p",
            "addToCartDisabled": false,
            "name": "Longlife Aa Power Batteri",
            "code": "101692574_ST"
        },
        {
            "potentialPromotions": [
                {
                    "threshold": null,
                    "applied": false,
                    "campaignType": "GENERAL",
                    "offerStatus": null,
                    "productCodes": [
                        "100926955_ST"
                    ],
                    "promotionTheme": {
                        "code": "Z084",
                        "visible": null
                    },
                    "lowestHistoricalPrice": null,
                    "textLabelGenerated": "",
                    "textLabelManual": null,
                    "price": {
                        "currencyIso": "SEK",
                        "value": 14.9,
                        "priceType": "BUY",
                        "formattedValue": "14,90 kr",
                        "minQuantity": null,
                        "maxQuantity": null
                    },
                    "promotionType": "MixMatchPricePromotion",
                    "conditionLabel": "Spara 5,00 kr/st",
                    "rewardLabel": "14,90/st",
                    "textLabel": "",
                    "redeemLimitLabel": "",
                    "cartLabel": null,
                    "validUntil": null,
                    "timesUsed": null,
                    "qualifyingCount": 1,
                    "comparePrice": "37,25 kr",
                    "splashTitleText": "",
                    "realMixAndMatch": false,
                    "mainProductCode": "100926955_ST",
                    "conditionLabelFormatted": "",
                    "promotionRedeemLimit": null,
                    "promotionPercentage": null,
                    "cartLabelFormatted": "",
                    "priority": 408,
                    "code": "2500277932"
                }
            ],
            "inactivePotentialPromotions": [],
            "priceValue": 19.9,
            "price": "19,90 kr",
            "image": {
                "imageType": "PRIMARY",
                "format": "product",
                "url": "https://assets.axfood.se/image/upload/f_auto,t_200/07311042004318_C1N1_s01",
                "altText": null,
                "galleryIndex": null,
                "width": null
            },
            "ranking": 320.1704580341,
            "depositPrice": "",
            "averageWeight": null,
            "comparePrice": "49,75 kr",
            "comparePriceUnit": "kg",
            "isDrugProduct": false,
            "solrSearchScore": 0.6426547169685364,
            "energyDeclaration": null,
            "newsSplashProduct": false,
            "notAllowedB2b": false,
            "notAllowedAnonymous": false,
            "productLine2": "400g",
            "pickupProductLine2": "400g",
            "priceUnit": "kr/st",
            "priceNoUnit": "19,90",
            "savingsAmount": 5.0,
            "googleAnalyticsCategory": "",
            "gdprTrackingIncompliant": false,
            "tobaccoProduct": false,
            "showGoodPriceIcon": false,
            "nicotineMedicalProduct": false,
            "tobaccoFreeNicotineProduct": false,
            "nonEkoProduct": false,
            "precautionaryStatements": [],
            "hazards": [],
            "labels": [
                "keyhole"
            ],
            "seoDescription": "",
            "seoTitle": "",
            "manufacturer": null,
            "incrementValue": 1.0,
            "productBasketType": {
                "code": "ST",
                "type": "ProductBasketTypeEnum"
            },
            "bargainProduct": false,
            "addToCartMessage": "",
            "thumbnail": {
                "imageType": "PRIMARY",
                "format": "thumbnail",
                "url": "https://assets.axfood.se/image/upload/f_auto,t_100/07311042004318_C1N1_s01",
                "altText": null,
                "galleryIndex": null,
                "width": null
            },
            "outOfStock": false,
            "online": true,
            "displayVolume": "400g",
            "addToCartDisabled": false,
            "name": "Brysselkål Klass 1",
            "code": "100926955_ST"
        },
        {
            "potentialPromotions": [
                {
                    "threshold": null,
                    "applied": false,
                    "campaignType": "GENERAL",
                    "offerStatus": null,
                    "productCodes": [
                        "101719900_ST",
                        "101762847_ST",
                        "101719902_ST",
                        "101720081_ST"
                    ],
                    "promotionTheme": {
                        "code": "Z062",
                        "visible": null
                    },
                    "lowestHistoricalPrice": {
                        "currencyIso": "SEK",
                        "value": 34.9,
                        "priceType": "BUY",
                        "formattedValue": "34,90 kr",
                        "minQuantity": null,
                        "maxQuantity": null
                    },
                    "textLabelGenerated": "",
                    "textLabelManual": null,
                    "price": {
                        "currencyIso": "SEK",
                        "value": 29.9,
                        "priceType": "BUY",
                        "formattedValue": "29,90 kr",
                        "minQuantity": null,
                        "maxQuantity": null
                    },
                    "promotionType": "MixMatchPricePromotion",
                    "conditionLabel": "Spara 5,00 kr/st",
                    "rewardLabel": "29,90/st",
                    "textLabel": "",
                    "redeemLimitLabel": "",
                    "cartLabel": null,
                    "validUntil": null,
                    "timesUsed": null,
                    "qualifyingCount": 1,
                    "comparePrice": "199,33 kr",
                    "splashTitleText": "",
                    "realMixAndMatch": false,
                    "mainProductCode": "101719900_ST",
                    "conditionLabelFormatted": "",
                    "promotionRedeemLimit": null,
                    "promotionPercentage": null,
                    "cartLabelFormatted": "",
                    "priority": 408,
                    "code": "2500268017"
                }
            ],
            "inactivePotentialPromotions": [],
            "priceValue": 34.9,
            "price": "34,90 kr",
            "image": {
                "imageType": "PRIMARY",
                "format": "product",
                "url": "https://assets.axfood.se/image/upload/f_auto,t_200/07622202264870_C1N1_s02",
                "altText": null,
                "galleryIndex": null,
                "width": null
            },
            "ranking": 320.16090059154,
            "depositPrice": "",
            "averageWeight": null,
            "comparePrice": "232,67 kr",
            "comparePriceUnit": "kg",
            "isDrugProduct": false,
            "solrSearchScore": 0.6426547169685364,
            "energyDeclaration": null,
            "newsSplashProduct": false,
            "notAllowedB2b": false,
            "notAllowedAnonymous": false,
            "productLine2": "MARABOU, 150g",
            "pickupProductLine2": "MARABOU, 150g",
            "priceUnit": "kr/st",
            "priceNoUnit": "34,90",
            "savingsAmount": 5.0,
            "googleAnalyticsCategory": "",
            "gdprTrackingIncompliant": false,
            "tobaccoProduct": false,
            "showGoodPriceIcon": false,
            "nicotineMedicalProduct": false,
            "tobaccoFreeNicotineProduct": false,
            "nonEkoProduct": false,
            "precautionaryStatements": [],
            "hazards": [],
            "labels": [],
            "seoDescription": "",
            "seoTitle": "",
            "manufacturer": "Marabou",
            "incrementValue": 1.0,
            "productBasketType": {
                "code": "ST",
                "type": "ProductBasketTypeEnum"
            },
            "bargainProduct": false,
            "addToCartMessage": "",
            "thumbnail": {
                "imageType": "PRIMARY",
                "format": "thumbnail",
                "url": "https://assets.axfood.se/image/upload/f_auto,t_100/07622202264870_C1N1_s02",
                "altText": null,
                "galleryIndex": null,
                "width": null
            },
            "outOfStock": false,
            "online": true,
            "displayVolume": "150g",
            "addToCartDisabled": false,
            "name": "Non Stop",
            "code": "101719900_ST"
        },
        {
            "potentialPromotions": [
                {
                    "threshold": null,
                    "applied": false,
                    "campaignType": "GENERAL",
                    "offerStatus": null,
                    "productCodes": [
                        "101240156_ST",
                        "101281471_ST",
                        "101232114_ST",
                        "101265682_ST"
                    ],
                    "promotionTheme": {
                        "code": "Z084",
                        "visible": null
                    },
                    "lowestHistoricalPrice": null,
                    "textLabelGenerated": "",
                    "textLabelManual": null,
                    "price": {
                        "currencyIso": "SEK",
                        "value": 9.9,
                        "priceType": "BUY",
                        "formattedValue": "9,90 kr",
                        "minQuantity": null,
                        "maxQuantity": null
                    },
                    "promotionType": "MixMatchPricePromotion",
                    "conditionLabel": "Spara 10,00 kr/st",
                    "rewardLabel": "9,90/st",
                    "textLabel": "",
                    "redeemLimitLabel": "Max 5 köp",
                    "cartLabel": null,
                    "validUntil": null,
                    "timesUsed": null,
                    "qualifyingCount": 1,
                    "comparePrice": "152,31 kr",
                    "splashTitleText": "",
                    "realMixAndMatch": false,
                    "mainProductCode": "101240156_ST",
                    "conditionLabelFormatted": "",
                    "promotionRedeemLimit": null,
                    "promotionPercentage": null,
                    "cartLabelFormatted": "",
                    "priority": 408,
                    "code": "2500269727"
                }
            ],
            "inactivePotentialPromotions": [],
            "priceValue": 19.9,
            "price": "19,90 kr",
            "image": {
                "imageType": "PRIMARY",
                "format": "product",
                "url": "https://assets.axfood.se/image/upload/f_auto,t_200/07311042005841_C1N1_s02",
                "altText": null,
                "galleryIndex": null,
                "width": null
            },
            "ranking": 320.16044787602,
            "depositPrice": "",
            "averageWeight": null,
            "comparePrice": "306,15 kr",
            "comparePriceUnit": "kg",
            "isDrugProduct": false,
            "solrSearchScore": 0.6426547169685364,
            "energyDeclaration": null,
            "newsSplashProduct": false,
            "notAllowedB2b": false,
            "notAllowedAnonymous": false,
            "productLine2": "GARANT EKO, 65g",
            "pickupProductLine2": "GARANT EKO, 65g",
            "priceUnit": "kr/st",
            "priceNoUnit": "19,90",
            "savingsAmount": 10.0,
            "googleAnalyticsCategory": "",
            "gdprTrackingIncompliant": false,
            "tobaccoProduct": false,
            "showGoodPriceIcon": false,
            "nicotineMedicalProduct": false,
            "tobaccoFreeNicotineProduct": false,
            "nonEkoProduct": false,
            "precautionaryStatements": [],
            "hazards": [],
            "labels": [
                "ecological",
                "eu_ecological",
                "keyhole"
            ],
            "seoDescription": "",
            "seoTitle": "",
            "manufacturer": "Garant Eko",
            "incrementValue": 1.0,
            "productBasketType": {
                "code": "ST",
                "type": "ProductBasketTypeEnum"
            },
            "bargainProduct": false,
            "addToCartMessage": "",
            "thumbnail": {
                "imageType": "PRIMARY",
                "format": "thumbnail",
                "url": "https://assets.axfood.se/image/upload/f_auto,t_100/07311042005841_C1N1_s02",
                "altText": null,
                "galleryIndex": null,
                "width": null
            },
            "outOfStock": false,
            "online": true,
            "displayVolume": "65g",
            "addToCartDisabled": false,
            "name": "Babyspenat Ekologisk Klass 1",
            "code": "101240156_ST"
        },
        {
            "potentialPromotions": [
                {
                    "threshold": null,
                    "applied": false,
                    "campaignType": "GENERAL",
                    "offerStatus": null,
                    "productCodes": [
                        "101235422_ST"
                    ],
                    "promotionTheme": {
                        "code": "Z084",
                        "visible": null
                    },
                    "lowestHistoricalPrice": null,
                    "textLabelGenerated": "",
                    "textLabelManual": null,
                    "price": {
                        "currencyIso": "SEK",
                        "value": 14.9,
                        "priceType": "BUY",
                        "formattedValue": "14,90 kr",
                        "minQuantity": null,
                        "maxQuantity": null
                    },
                    "promotionType": "MixMatchPricePromotion",
                    "conditionLabel": "Spara 25,00 kr/st",
                    "rewardLabel": "14,90/st",
                    "textLabel": "",
                    "redeemLimitLabel": "Max 5 köp",
                    "cartLabel": null,
                    "validUntil": null,
                    "timesUsed": null,
                    "qualifyingCount": 1,
                    "comparePrice": "74,50 kr",
                    "splashTitleText": "",
                    "realMixAndMatch": false,
                    "mainProductCode": "101235422_ST",
                    "conditionLabelFormatted": "",
                    "promotionRedeemLimit": null,
                    "promotionPercentage": null,
                    "cartLabelFormatted": "",
                    "priority": 408,
                    "code": "2500277930"
                }
            ],
            "inactivePotentialPromotions": [],
            "priceValue": 39.9,
            "price": "39,90 kr",
            "image": {
                "imageType": "PRIMARY",
                "format": "product",
                "url": "https://assets.axfood.se/image/upload/f_auto,t_200/07311042001102_C1L1_s01",
                "altText": null,
                "galleryIndex": null,
                "width": null
            },
            "ranking": 320.15045737874,
            "depositPrice": "",
            "averageWeight": null,
            "comparePrice": "199,50 kr",
            "comparePriceUnit": "kg",
            "isDrugProduct": false,
            "solrSearchScore": 0.6426547169685364,
            "energyDeclaration": null,
            "newsSplashProduct": false,
            "notAllowedB2b": false,
            "notAllowedAnonymous": false,
            "productLine2": "200g",
            "pickupProductLine2": "200g",
            "priceUnit": "kr/st",
            "priceNoUnit": "39,90",
            "savingsAmount": 25.0,
            "googleAnalyticsCategory": "",
            "gdprTrackingIncompliant": false,
            "tobaccoProduct": false,
            "showGoodPriceIcon": false,
            "nicotineMedicalProduct": false,
            "tobaccoFreeNicotineProduct": false,
            "nonEkoProduct": false,
            "precautionaryStatements": [],
            "hazards": [],
            "labels": [
                "ecological",
                "eu_ecological",
                "keyhole"
            ],
            "seoDescription": "",
            "seoTitle": "",
            "manufacturer": null,
            "incrementValue": 1.0,
            "productBasketType": {
                "code": "ST",
                "type": "ProductBasketTypeEnum"
            },
            "bargainProduct": false,
            "addToCartMessage": "",
            "thumbnail": {
                "imageType": "PRIMARY",
                "format": "thumbnail",
                "url": "https://assets.axfood.se/image/upload/f_auto,t_100/07311042001102_C1L1_s01",
                "altText": null,
                "galleryIndex": null,
                "width": null
            },
            "outOfStock": false,
            "online": true,
            "displayVolume": "200g",
            "addToCartDisabled": false,
            "name": "Ingefära Eko",
            "code": "101235422_ST"
        },
        {
            "potentialPromotions": [
                {
                    "threshold": 0.0,
                    "applied": false,
                    "campaignType": "GENERAL",
                    "offerStatus": null,
                    "productCodes": null,
                    "promotionTheme": {
                        "code": "Z062",
                        "visible": null
                    },
                    "lowestHistoricalPrice": {
                        "currencyIso": "SEK",
                        "value": 97.9,
                        "priceType": "BUY",
                        "formattedValue": "97,90 kr/kg",
                        "minQuantity": null,
                        "maxQuantity": null
                    },
                    "textLabelGenerated": "",
                    "textLabelManual": null,
                    "price": {
                        "currencyIso": "SEK",
                        "value": 79.9,
                        "priceType": "BUY",
                        "formattedValue": "79,90 kr/kg",
                        "minQuantity": null,
                        "maxQuantity": null
                    },
                    "promotionType": "SubtotalOrderPromotion",
                    "conditionLabel": "Spara 20,00 kr/kg",
                    "rewardLabel": "79,90/kg",
                    "textLabel": "",
                    "redeemLimitLabel": "",
                    "cartLabel": null,
                    "validUntil": null,
                    "timesUsed": null,
                    "qualifyingCount": null,
                    "comparePrice": "79,90 kr/kg",
                    "splashTitleText": "",
                    "realMixAndMatch": false,
                    "mainProductCode": "101544579_KG",
                    "conditionLabelFormatted": "",
                    "promotionRedeemLimit": null,
                    "promotionPercentage": null,
                    "cartLabelFormatted": "",
                    "priority": 409,
                    "code": "2500272193"
                }
            ],
            "inactivePotentialPromotions": [],
            "priceValue": 99.9,
            "price": "99,90 kr/kg",
            "image": {
                "imageType": "PRIMARY",
                "format": "product",
                "url": "https://assets.axfood.se/image/upload/f_auto,t_200/02324552600005_C1R1_s01",
                "altText": null,
                "galleryIndex": null,
                "width": null
            },
            "ranking": 320.14098251154,
            "depositPrice": "",
            "averageWeight": 1.1,
            "comparePrice": "99,90 kr",
            "comparePriceUnit": "kg",
            "isDrugProduct": false,
            "solrSearchScore": 0.6426547169685364,
            "energyDeclaration": null,
            "newsSplashProduct": false,
            "notAllowedB2b": false,
            "notAllowedAnonymous": false,
            "productLine2": "SKÅNEMEJERIER, ca: 1.1kg",
            "pickupProductLine2": "SKÅNEMEJERIER, ca: 1.1kg",
            "priceUnit": "kr/kg",
            "priceNoUnit": "99,90",
            "savingsAmount": 20.0,
            "googleAnalyticsCategory": "",
            "gdprTrackingIncompliant": false,
            "tobaccoProduct": false,
            "showGoodPriceIcon": false,
            "nicotineMedicalProduct": false,
            "tobaccoFreeNicotineProduct": false,
            "nonEkoProduct": false,
            "precautionaryStatements": [],
            "hazards": [],
            "labels": [],
            "seoDescription": "",
            "seoTitle": "",
            "manufacturer": "Skånemejerier",
            "incrementValue": 1.0,
            "productBasketType": {
                "code": "ST",
                "type": "ProductBasketTypeEnum"
            },
            "bargainProduct": false,
            "addToCartMessage": "",
            "thumbnail": {
                "imageType": "PRIMARY",
                "format": "thumbnail",
                "url": "https://assets.axfood.se/image/upload/f_auto,t_100/02324552600005_C1R1_s01",
                "altText": null,
                "galleryIndex": null,
                "width": null
            },
            "outOfStock": false,
            "online": true,
            "displayVolume": "ca: 1.1kg",
            "addToCartDisabled": false,
            "name": "Port Salut 33%",
            "code": "101544579_KG"
        },
        {
            "potentialPromotions": [
                {
                    "threshold": null,
                    "applied": false,
                    "campaignType": "GENERAL",
                    "offerStatus": null,
                    "productCodes": [
                        "100055547_ST",
                        "101116178_ST",
                        "100316392_ST",
                        "101257277_ST",
                        "101061663_ST"
                    ],
                    "promotionTheme": {
                        "code": "Z062",
                        "visible": null
                    },
                    "lowestHistoricalPrice": {
                        "currencyIso": "SEK",
                        "value": 11.9,
                        "priceType": "BUY",
                        "formattedValue": "11,90 kr",
                        "minQuantity": null,
                        "maxQuantity": null
                    },
                    "textLabelGenerated": "",
                    "textLabelManual": null,
                    "price": {
                        "currencyIso": "SEK",
                        "value": 9.9,
                        "priceType": "BUY",
                        "formattedValue": "9,90 kr",
                        "minQuantity": null,
                        "maxQuantity": null
                    },
                    "promotionType": "MixMatchPricePromotion",
                    "conditionLabel": "Spara 2,00 kr/st",
                    "rewardLabel": "9,90/st",
                    "textLabel": "",
                    "redeemLimitLabel": "",
                    "cartLabel": null,
                    "validUntil": null,
                    "timesUsed": null,
                    "qualifyingCount": 1,
                    "comparePrice": "99,00 kr",
                    "splashTitleText": "",
                    "realMixAndMatch": false,
                    "mainProductCode": "100055547_ST",
                    "conditionLabelFormatted": "",
                    "promotionRedeemLimit": null,
                    "promotionPercentage": null,
                    "cartLabelFormatted": "",
                    "priority": 408,
                    "code": "2500268999"
                }
            ],
            "inactivePotentialPromotions": [],
            "priceValue": 11.9,
            "price": "11,90 kr",
            "image": {
                "imageType": "PRIMARY",
                "format": "product",
                "url": "https://assets.axfood.se/image/upload/f_auto,t_200/05410041001204_C1C1_s02",
                "altText": null,
                "galleryIndex": null,
                "width": null
            },
            "ranking": 320.13098578834,
            "depositPrice": "",
            "averageWeight": null,
            "comparePrice": "119,00 kr",
            "comparePriceUnit": "kg",
            "isDrugProduct": false,
            "solrSearchScore": 0.6426547169685364,
            "energyDeclaration": null,
            "newsSplashProduct": false,
            "notAllowedB2b": false,
            "notAllowedAnonymous": false,
            "productLine2": "LU, 100g",
            "pickupProductLine2": "LU, 100g",
            "priceUnit": "kr/st",
            "priceNoUnit": "11,90",
            "savingsAmount": 2.0,
            "googleAnalyticsCategory": "",
            "gdprTrackingIncompliant": false,
            "tobaccoProduct": false,
            "showGoodPriceIcon": false,
            "nicotineMedicalProduct": false,
            "tobaccoFreeNicotineProduct": false,
            "nonEkoProduct": false,
            "precautionaryStatements": [],
            "hazards": [],
            "labels": [],
            "seoDescription": "",
            "seoTitle": "",
            "manufacturer": "Lu",
            "incrementValue": 1.0,
            "productBasketType": {
                "code": "ST",
                "type": "ProductBasketTypeEnum"
            },
            "bargainProduct": false,
            "addToCartMessage": "",
            "thumbnail": {
                "imageType": "PRIMARY",
                "format": "thumbnail",
                "url": "https://assets.axfood.se/image/upload/f_auto,t_100/05410041001204_C1C1_s02",
                "altText": null,
                "galleryIndex": null,
                "width": null
            },
            "outOfStock": false,
            "online": true,
            "displayVolume": "100g",
            "addToCartDisabled": false,
            "name": "Tuc Original",
            "code": "100055547_ST"
        },
        {
            "potentialPromotions": [
                {
                    "threshold": null,
                    "applied": false,
                    "campaignType": "GENERAL",
                    "offerStatus": null,
                    "productCodes": [
                        "101361485_ST"
                    ],
                    "promotionTheme": {
                        "code": "Z084",
                        "visible": null
                    },
                    "lowestHistoricalPrice": null,
                    "textLabelGenerated": "",
                    "textLabelManual": null,
                    "price": {
                        "currencyIso": "SEK",
                        "value": 9.9,
                        "priceType": "BUY",
                        "formattedValue": "9,90 kr",
                        "minQuantity": null,
                        "maxQuantity": null
                    },
                    "promotionType": "MixMatchPricePromotion",
                    "conditionLabel": "Spara 10,00 kr/st",
                    "rewardLabel": "9,90/st",
                    "textLabel": "",
                    "redeemLimitLabel": "",
                    "cartLabel": null,
                    "validUntil": null,
                    "timesUsed": null,
                    "qualifyingCount": 1,
                    "comparePrice": "99,00 kr",
                    "splashTitleText": "",
                    "realMixAndMatch": false,
                    "mainProductCode": "101361485_ST",
                    "conditionLabelFormatted": "",
                    "promotionRedeemLimit": null,
                    "promotionPercentage": null,
                    "cartLabelFormatted": "",
                    "priority": 408,
                    "code": "2500277958"
                }
            ],
            "inactivePotentialPromotions": [],
            "priceValue": 19.9,
            "price": "19,90 kr",
            "image": {
                "imageType": "PRIMARY",
                "format": "product",
                "url": "https://assets.axfood.se/image/upload/f_auto,t_200/07311042011873_C1N1_s01",
                "altText": null,
                "galleryIndex": null,
                "width": null
            },
            "ranking": 320.13045508498,
            "depositPrice": "",
            "averageWeight": null,
            "comparePrice": "199,00 kr",
            "comparePriceUnit": "kg",
            "isDrugProduct": false,
            "solrSearchScore": 0.6426547169685364,
            "energyDeclaration": null,
            "newsSplashProduct": false,
            "notAllowedB2b": false,
            "notAllowedAnonymous": false,
            "productLine2": "100g",
            "pickupProductLine2": "100g",
            "priceUnit": "kr/st",
            "priceNoUnit": "19,90",
            "savingsAmount": 10.0,
            "googleAnalyticsCategory": "",
            "gdprTrackingIncompliant": false,
            "tobaccoProduct": false,
            "showGoodPriceIcon": false,
            "nicotineMedicalProduct": false,
            "tobaccoFreeNicotineProduct": false,
            "nonEkoProduct": false,
            "precautionaryStatements": [],
            "hazards": [],
            "labels": [
                "swedish_flag",
                "keyhole"
            ],
            "seoDescription": "",
            "seoTitle": "",
            "manufacturer": null,
            "incrementValue": 1.0,
            "productBasketType": {
                "code": "ST",
                "type": "ProductBasketTypeEnum"
            },
            "bargainProduct": false,
            "addToCartMessage": "",
            "thumbnail": {
                "imageType": "PRIMARY",
                "format": "thumbnail",
                "url": "https://assets.axfood.se/image/upload/f_auto,t_100/07311042011873_C1N1_s01",
                "altText": null,
                "galleryIndex": null,
                "width": null
            },
            "outOfStock": false,
            "online": true,
            "displayVolume": "100g",
            "addToCartDisabled": false,
            "name": "Salladslök Knippe",
            "code": "101361485_ST"
        },
        {
            "potentialPromotions": [
                {
                    "threshold": null,
                    "applied": false,
                    "campaignType": "GENERAL",
                    "offerStatus": null,
                    "productCodes": [
                        "100517941_ST"
                    ],
                    "promotionTheme": {
                        "code": "Z062",
                        "visible": null
                    },
                    "lowestHistoricalPrice": {
                        "currencyIso": "SEK",
                        "value": 46.9,
                        "priceType": "BUY",
                        "formattedValue": "46,90 kr",
                        "minQuantity": null,
                        "maxQuantity": null
                    },
                    "textLabelGenerated": "",
                    "textLabelManual": null,
                    "price": {
                        "currencyIso": "SEK",
                        "value": 44.9,
                        "priceType": "BUY",
                        "formattedValue": "44,90 kr",
                        "minQuantity": null,
                        "maxQuantity": null
                    },
                    "promotionType": "MixMatchPricePromotion",
                    "conditionLabel": "Spara 2,00 kr/st",
                    "rewardLabel": "44,90/st",
                    "textLabel": "",
                    "redeemLimitLabel": "",
                    "cartLabel": null,
                    "validUntil": null,
                    "timesUsed": null,
                    "qualifyingCount": 1,
                    "comparePrice": "74,83 kr",
                    "splashTitleText": "",
                    "realMixAndMatch": false,
                    "mainProductCode": "100517941_ST",
                    "conditionLabelFormatted": "",
                    "promotionRedeemLimit": null,
                    "promotionPercentage": null,
                    "cartLabelFormatted": "",
                    "priority": 408,
                    "code": "2500269083"
                }
            ],
            "inactivePotentialPromotions": [],
            "priceValue": 46.9,
            "price": "46,90 kr",
            "image": {
                "imageType": "PRIMARY",
                "format": "product",
                "url": "https://assets.axfood.se/image/upload/f_auto,t_200/07300207276004_C1N1_s05",
                "altText": null,
                "galleryIndex": null,
                "width": null
            },
            "ranking": 320.12098742674,
            "depositPrice": "",
            "averageWeight": null,
            "comparePrice": "78,17 kr",
            "comparePriceUnit": "kg",
            "isDrugProduct": false,
            "solrSearchScore": 0.6426547169685364,
            "energyDeclaration": null,
            "newsSplashProduct": false,
            "notAllowedB2b": false,
            "notAllowedAnonymous": false,
            "productLine2": "SCAN, 600g",
            "pickupProductLine2": "SCAN, 600g",
            "priceUnit": "kr/st",
            "priceNoUnit": "46,90",
            "savingsAmount": 2.0,
            "googleAnalyticsCategory": "",
            "gdprTrackingIncompliant": false,
            "tobaccoProduct": false,
            "showGoodPriceIcon": false,
            "nicotineMedicalProduct": false,
            "tobaccoFreeNicotineProduct": false,
            "nonEkoProduct": false,
            "precautionaryStatements": [],
            "hazards": [],
            "labels": [
                "swedish_flag",
                "meat_from_sweden"
            ],
            "seoDescription": "",
            "seoTitle": "",
            "manufacturer": "Scan",
            "incrementValue": 1.0,
            "productBasketType": {
                "code": "ST",
                "type": "ProductBasketTypeEnum"
            },
            "bargainProduct": false,
            "addToCartMessage": "",
            "thumbnail": {
                "imageType": "PRIMARY",
                "format": "thumbnail",
                "url": "https://assets.axfood.se/image/upload/f_auto,t_100/07300207276004_C1N1_s05",
                "altText": null,
                "galleryIndex": null,
                "width": null
            },
            "outOfStock": false,
            "online": true,
            "displayVolume": "600g",
            "addToCartDisabled": false,
            "name": "Prinskorv med Tunt Skinn",
            "code": "100517941_ST"
        },
        {
            "potentialPromotions": [
                {
                    "threshold": null,
                    "applied": false,
                    "campaignType": "GENERAL",
                    "offerStatus": null,
                    "productCodes": [
                        "101391701_ST"
                    ],
                    "promotionTheme": {
                        "code": "Z084",
                        "visible": null
                    },
                    "lowestHistoricalPrice": null,
                    "textLabelGenerated": "",
                    "textLabelManual": null,
                    "price": {
                        "currencyIso": "SEK",
                        "value": 14.9,
                        "priceType": "BUY",
                        "formattedValue": "14,90 kr",
                        "minQuantity": null,
                        "maxQuantity": null
                    },
                    "promotionType": "MixMatchPricePromotion",
                    "conditionLabel": "Spara 3,00 kr/st",
                    "rewardLabel": "14,90/st",
                    "textLabel": "",
                    "redeemLimitLabel": "",
                    "cartLabel": null,
                    "validUntil": null,
                    "timesUsed": null,
                    "qualifyingCount": 1,
                    "comparePrice": "149,00 kr",
                    "splashTitleText": "",
                    "realMixAndMatch": false,
                    "mainProductCode": "101391701_ST",
                    "conditionLabelFormatted": "",
                    "promotionRedeemLimit": null,
                    "promotionPercentage": null,
                    "cartLabelFormatted": "",
                    "priority": 408,
                    "code": "2500277931"
                }
            ],
            "inactivePotentialPromotions": [],
            "priceValue": 17.9,
            "price": "17,90 kr",
            "image": {
                "imageType": "PRIMARY",
                "format": "product",
                "url": "https://assets.axfood.se/image/upload/f_auto,t_200/07311042012030_C1N1_s01",
                "altText": null,
                "galleryIndex": null,
                "width": null
            },
            "ranking": 320.12045770642,
            "depositPrice": "",
            "averageWeight": null,
            "comparePrice": "179,00 kr",
            "comparePriceUnit": "kg",
            "isDrugProduct": false,
            "solrSearchScore": 0.6426547169685364,
            "energyDeclaration": null,
            "newsSplashProduct": false,
            "notAllowedB2b": false,
            "notAllowedAnonymous": false,
            "productLine2": "100g",
            "pickupProductLine2": "100g",
            "priceUnit": "kr/st",
            "priceNoUnit": "17,90",
            "savingsAmount": 3.0,
            "googleAnalyticsCategory": "",
            "gdprTrackingIncompliant": false,
            "tobaccoProduct": false,
            "showGoodPriceIcon": false,
            "nicotineMedicalProduct": false,
            "tobaccoFreeNicotineProduct": false,
            "nonEkoProduct": false,
            "precautionaryStatements": [],
            "hazards": [],
            "labels": [
                "keyhole"
            ],
            "seoDescription": "",
            "seoTitle": "",
            "manufacturer": null,
            "incrementValue": 1.0,
            "productBasketType": {
                "code": "ST",
                "type": "ProductBasketTypeEnum"
            },
            "bargainProduct": false,
            "addToCartMessage": "",
            "thumbnail": {
                "imageType": "PRIMARY",
                "format": "thumbnail",
                "url": "https://assets.axfood.se/image/upload/f_auto,t_100/07311042012030_C1N1_s01",
                "altText": null,
                "galleryIndex": null,
                "width": null
            },
            "outOfStock": false,
            "online": true,
            "displayVolume": "100g",
            "addToCartDisabled": false,
            "name": "Koriander",
            "code": "101391701_ST"
        },
        {
            "potentialPromotions": [
                {
                    "threshold": null,
                    "applied": false,
                    "campaignType": "GENERAL",
                    "offerStatus": null,
                    "productCodes": [
                        "101039350_ST",
                        "101280990_ST",
                        "101315286_ST",
                        "101310186_ST",
                        "101039225_ST",
                        "101262092_ST",
                        "101039378_ST",
                        "101122090_ST",
                        "101280989_ST",
                        "101545447_ST"
                    ],
                    "promotionTheme": {
                        "code": "Z062",
                        "visible": null
                    },
                    "lowestHistoricalPrice": null,
                    "textLabelGenerated": "",
                    "textLabelManual": null,
                    "price": {
                        "currencyIso": "SEK",
                        "value": 7.0,
                        "priceType": "BUY",
                        "formattedValue": "7,00 kr",
                        "minQuantity": null,
                        "maxQuantity": null
                    },
                    "promotionType": "MixMatchPricePromotion",
                    "conditionLabel": "Välj & blanda! 3 för",
                    "rewardLabel": "21,00",
                    "textLabel": "",
                    "redeemLimitLabel": "",
                    "cartLabel": null,
                    "validUntil": null,
                    "timesUsed": null,
                    "qualifyingCount": 3,
                    "comparePrice": "7,00 kr",
                    "splashTitleText": "",
                    "realMixAndMatch": true,
                    "mainProductCode": "101039350_ST",
                    "conditionLabelFormatted": "3 för",
                    "promotionRedeemLimit": null,
                    "promotionPercentage": null,
                    "cartLabelFormatted": "",
                    "priority": 408,
                    "code": "2500268921"
                }
            ],
            "inactivePotentialPromotions": [],
            "priceValue": 7.9,
            "price": "7,90 kr",
            "image": {
                "imageType": "PRIMARY",
                "format": "product",
                "url": "https://assets.axfood.se/image/upload/f_auto,t_200/07314720728315_C1R1_s01",
                "altText": null,
                "galleryIndex": null,
                "width": null
            },
            "ranking": 320.11098414994,
            "depositPrice": "",
            "averageWeight": null,
            "comparePrice": "7,90 kr",
            "comparePriceUnit": "l",
            "isDrugProduct": false,
            "solrSearchScore": 0.6426547169685364,
            "energyDeclaration": null,
            "newsSplashProduct": false,
            "notAllowedB2b": false,
            "notAllowedAnonymous": false,
            "productLine2": "KIVIKS MUSTERI, 2dl/1l",
            "pickupProductLine2": "KIVIKS MUSTERI, 2dl/1l",
            "priceUnit": "kr/st",
            "priceNoUnit": "7,90",
            "savingsAmount": 2.7,
            "googleAnalyticsCategory": "",
            "gdprTrackingIncompliant": false,
            "tobaccoProduct": false,
            "showGoodPriceIcon": false,
            "nicotineMedicalProduct": false,
            "tobaccoFreeNicotineProduct": false,
            "nonEkoProduct": false,
            "precautionaryStatements": [],
            "hazards": [],
            "labels": [],
            "seoDescription": "",
            "seoTitle": "",
            "manufacturer": "Kiviks Musteri",
            "incrementValue": 1.0,
            "productBasketType": {
                "code": "ST",
                "type": "ProductBasketTypeEnum"
            },
            "bargainProduct": false,
            "addToCartMessage": "",
            "thumbnail": {
                "imageType": "PRIMARY",
                "format": "thumbnail",
                "url": "https://assets.axfood.se/image/upload/f_auto,t_100/07314720728315_C1R1_s01",
                "altText": null,
                "galleryIndex": null,
                "width": null
            },
            "outOfStock": false,
            "online": true,
            "displayVolume": "2dl/1l",
            "addToCartDisabled": false,
            "name": "Päron Fruktdryck Koncentrat",
            "code": "101039350_ST"
        },
        {
            "potentialPromotions": [
                {
                    "threshold": null,
                    "applied": false,
                    "campaignType": "GENERAL",
                    "offerStatus": null,
                    "productCodes": [
                        "101114973_ST",
                        "101236766_ST",
                        "101599898_ST",
                        "101271174_ST",
                        "101314742_ST"
                    ],
                    "promotionTheme": {
                        "code": "Z062",
                        "visible": null
                    },
                    "lowestHistoricalPrice": {
                        "currencyIso": "SEK",
                        "value": 19.9,
                        "priceType": "BUY",
                        "formattedValue": "19,90 kr",
                        "minQuantity": null,
                        "maxQuantity": null
                    },
                    "textLabelGenerated": "",
                    "textLabelManual": null,
                    "price": {
                        "currencyIso": "SEK",
                        "value": 16.9,
                        "priceType": "BUY",
                        "formattedValue": "16,90 kr",
                        "minQuantity": null,
                        "maxQuantity": null
                    },
                    "promotionType": "MixMatchPricePromotion",
                    "conditionLabel": "Spara 3,00 kr/st",
                    "rewardLabel": "16,90/st",
                    "textLabel": "",
                    "redeemLimitLabel": "",
                    "cartLabel": null,
                    "validUntil": null,
                    "timesUsed": null,
                    "qualifyingCount": 1,
                    "comparePrice": "109,74 kr",
                    "splashTitleText": "",
                    "realMixAndMatch": false,
                    "mainProductCode": "101114973_ST",
                    "conditionLabelFormatted": "",
                    "promotionRedeemLimit": null,
                    "promotionPercentage": null,
                    "cartLabelFormatted": "",
                    "priority": 408,
                    "code": "2500268947"
                }
            ],
            "inactivePotentialPromotions": [],
            "priceValue": 19.9,
            "price": "19,90 kr",
            "image": {
                "imageType": "PRIMARY",
                "format": "product",
                "url": "https://assets.axfood.se/image/upload/f_auto,t_200/07622300336738_C1N1_s02",
                "altText": null,
                "galleryIndex": null,
                "width": null
            },
            "ranking": 320.10098447762,
            "depositPrice": "",
            "averageWeight": null,
            "comparePrice": "129,22 kr",
            "comparePriceUnit": "kg",
            "isDrugProduct": false,
            "solrSearchScore": 0.6426547169685364,
            "energyDeclaration": null,
            "newsSplashProduct": false,
            "notAllowedB2b": false,
            "notAllowedAnonymous": false,
            "productLine2": "OREO, 154g",
            "pickupProductLine2": "OREO, 154g",
            "priceUnit": "kr/st",
            "priceNoUnit": "19,90",
            "savingsAmount": 3.0,
            "googleAnalyticsCategory": "",
            "gdprTrackingIncompliant": false,
            "tobaccoProduct": false,
            "showGoodPriceIcon": false,
            "nicotineMedicalProduct": false,
            "tobaccoFreeNicotineProduct": false,
            "nonEkoProduct": false,
            "precautionaryStatements": [],
            "hazards": [],
            "labels": [],
            "seoDescription": "",
            "seoTitle": "",
            "manufacturer": "Oreo",
            "incrementValue": 1.0,
            "productBasketType": {
                "code": "ST",
                "type": "ProductBasketTypeEnum"
            },
            "bargainProduct": false,
            "addToCartMessage": "",
            "thumbnail": {
                "imageType": "PRIMARY",
                "format": "thumbnail",
                "url": "https://assets.axfood.se/image/upload/f_auto,t_100/07622300336738_C1N1_s02",
                "altText": null,
                "galleryIndex": null,
                "width": null
            },
            "outOfStock": false,
            "online": true,
            "displayVolume": "154g",
            "addToCartDisabled": false,
            "name": "Oreo Original Kakor",
            "code": "101114973_ST"
        },
        {
            "potentialPromotions": [
                {
                    "threshold": null,
                    "applied": false,
                    "campaignType": "GENERAL",
                    "offerStatus": null,
                    "productCodes": [
                        "101214308_ST",
                        "101212667_ST",
                        "101500405_ST",
                        "101500406_ST",
                        "101259158_ST",
                        "101343530_ST",
                        "101743735_ST",
                        "101743736_ST",
                        "101212668_ST",
                        "101291539_ST"
                    ],
                    "promotionTheme": {
                        "code": "Z062",
                        "visible": null
                    },
                    "lowestHistoricalPrice": {
                        "currencyIso": "SEK",
                        "value": 29.9,
                        "priceType": "BUY",
                        "formattedValue": "29,90 kr",
                        "minQuantity": null,
                        "maxQuantity": null
                    },
                    "textLabelGenerated": "",
                    "textLabelManual": null,
                    "price": {
                        "currencyIso": "SEK",
                        "value": 24.9,
                        "priceType": "BUY",
                        "formattedValue": "24,90 kr",
                        "minQuantity": null,
                        "maxQuantity": null
                    },
                    "promotionType": "MixMatchPricePromotion",
                    "conditionLabel": "Spara 5,00 kr/st",
                    "rewardLabel": "24,90/st",
                    "textLabel": "",
                    "redeemLimitLabel": "",
                    "cartLabel": null,
                    "validUntil": null,
                    "timesUsed": null,
                    "qualifyingCount": 1,
                    "comparePrice": "99,60 kr",
                    "splashTitleText": "",
                    "realMixAndMatch": false,
                    "mainProductCode": "101214308_ST",
                    "conditionLabelFormatted": "",
                    "promotionRedeemLimit": null,
                    "promotionPercentage": null,
                    "cartLabelFormatted": "",
                    "priority": 408,
                    "code": "2500269024"
                }
            ],
            "inactivePotentialPromotions": [],
            "priceValue": 29.9,
            "price": "29,90 kr",
            "image": {
                "imageType": "PRIMARY",
                "format": "product",
                "url": "https://assets.axfood.se/image/upload/f_auto,t_200/07340083430718_C1N1_s01",
                "altText": null,
                "galleryIndex": null,
                "width": null
            },
            "ranking": 320.0909864437,
            "depositPrice": "",
            "averageWeight": null,
            "comparePrice": "119,60 kr",
            "comparePriceUnit": "kg",
            "isDrugProduct": false,
            "solrSearchScore": 0.6426547169685364,
            "energyDeclaration": null,
            "newsSplashProduct": false,
            "notAllowedB2b": false,
            "notAllowedAnonymous": false,
            "productLine2": "GARANT, 250g",
            "pickupProductLine2": "GARANT, 250g",
            "priceUnit": "kr/st",
            "priceNoUnit": "29,90",
            "savingsAmount": 5.0,
            "googleAnalyticsCategory": "",
            "gdprTrackingIncompliant": false,
            "tobaccoProduct": false,
            "showGoodPriceIcon": false,
            "nicotineMedicalProduct": false,
            "tobaccoFreeNicotineProduct": false,
            "nonEkoProduct": false,
            "precautionaryStatements": [],
            "hazards": [],
            "labels": [],
            "seoDescription": "",
            "seoTitle": "",
            "manufacturer": "Garant",
            "incrementValue": 1.0,
            "productBasketType": {
                "code": "ST",
                "type": "ProductBasketTypeEnum"
            },
            "bargainProduct": false,
            "addToCartMessage": "",
            "thumbnail": {
                "imageType": "PRIMARY",
                "format": "thumbnail",
                "url": "https://assets.axfood.se/image/upload/f_auto,t_100/07340083430718_C1N1_s01",
                "altText": null,
                "galleryIndex": null,
                "width": null
            },
            "outOfStock": false,
            "online": true,
            "displayVolume": "250g",
            "addToCartDisabled": false,
            "name": "Pomodoro Mozzarella Tortelloni",
            "code": "101214308_ST"
        },
        {
            "potentialPromotions": [
                {
                    "threshold": null,
                    "applied": false,
                    "campaignType": "GENERAL",
                    "offerStatus": null,
                    "productCodes": [
                        "101231662_ST",
                        "101545033_ST",
                        "101599712_ST"
                    ],
                    "promotionTheme": {
                        "code": "Z062",
                        "visible": null
                    },
                    "lowestHistoricalPrice": null,
                    "textLabelGenerated": "",
                    "textLabelManual": null,
                    "price": {
                        "currencyIso": "SEK",
                        "value": 15.0,
                        "priceType": "BUY",
                        "formattedValue": "15,00 kr",
                        "minQuantity": null,
                        "maxQuantity": null
                    },
                    "promotionType": "MixMatchPricePromotion",
                    "conditionLabel": "Välj & blanda! 2 för",
                    "rewardLabel": "30,00",
                    "textLabel": "",
                    "redeemLimitLabel": "",
                    "cartLabel": null,
                    "validUntil": null,
                    "timesUsed": null,
                    "qualifyingCount": 2,
                    "comparePrice": "15,00 kr",
                    "splashTitleText": "",
                    "realMixAndMatch": true,
                    "mainProductCode": "101231662_ST",
                    "conditionLabelFormatted": "2 för",
                    "promotionRedeemLimit": null,
                    "promotionPercentage": null,
                    "cartLabelFormatted": "",
                    "priority": 408,
                    "code": "2500269070"
                }
            ],
            "inactivePotentialPromotions": [],
            "priceValue": 15.9,
            "price": "15,90 kr",
            "image": {
                "imageType": "PRIMARY",
                "format": "product",
                "url": "https://assets.axfood.se/image/upload/f_auto,t_200/07394376616037_C1R1_s04",
                "altText": null,
                "galleryIndex": null,
                "width": null
            },
            "ranking": 320.08098709906,
            "depositPrice": "",
            "averageWeight": null,
            "comparePrice": "15,90 kr",
            "comparePriceUnit": "l",
            "isDrugProduct": false,
            "solrSearchScore": 0.6426547169685364,
            "energyDeclaration": null,
            "newsSplashProduct": false,
            "notAllowedB2b": false,
            "notAllowedAnonymous": false,
            "productLine2": "OATLY, 1l",
            "pickupProductLine2": "OATLY, 1l",
            "priceUnit": "kr/st",
            "priceNoUnit": "15,90",
            "savingsAmount": 1.8,
            "googleAnalyticsCategory": "",
            "gdprTrackingIncompliant": false,
            "tobaccoProduct": false,
            "showGoodPriceIcon": false,
            "nicotineMedicalProduct": false,
            "tobaccoFreeNicotineProduct": false,
            "nonEkoProduct": false,
            "precautionaryStatements": [],
            "hazards": [],
            "labels": [
                "laktosfree"
            ],
            "seoDescription": "",
            "seoTitle": "",
            "manufacturer": "Oatly",
            "incrementValue": 1.0,
            "productBasketType": {
                "code": "ST",
                "type": "ProductBasketTypeEnum"
            },
            "bargainProduct": false,
            "addToCartMessage": "",
            "thumbnail": {
                "imageType": "PRIMARY",
                "format": "thumbnail",
                "url": "https://assets.axfood.se/image/upload/f_auto,t_100/07394376616037_C1R1_s04",
                "altText": null,
                "galleryIndex": null,
                "width": null
            },
            "outOfStock": false,
            "online": true,
            "displayVolume": "1l",
            "addToCartDisabled": false,
            "name": "Ikaffe Barista Edition Havredryck",
            "code": "101231662_ST"
        },
        {
            "potentialPromotions": [
                {
                    "threshold": null,
                    "applied": false,
                    "campaignType": "GENERAL",
                    "offerStatus": null,
                    "productCodes": [
                        "101245523_ST",
                        "101441814_ST"
                    ],
                    "promotionTheme": {
                        "code": "Z062",
                        "visible": null
                    },
                    "lowestHistoricalPrice": {
                        "currencyIso": "SEK",
                        "value": 29.9,
                        "priceType": "BUY",
                        "formattedValue": "29,90 kr",
                        "minQuantity": null,
                        "maxQuantity": null
                    },
                    "textLabelGenerated": "",
                    "textLabelManual": null,
                    "price": {
                        "currencyIso": "SEK",
                        "value": 26.9,
                        "priceType": "BUY",
                        "formattedValue": "26,90 kr",
                        "minQuantity": null,
                        "maxQuantity": null
                    },
                    "promotionType": "MixMatchPricePromotion",
                    "conditionLabel": "Spara 3,00 kr/st",
                    "rewardLabel": "26,90/st",
                    "textLabel": "",
                    "redeemLimitLabel": "",
                    "cartLabel": null,
                    "validUntil": null,
                    "timesUsed": null,
                    "qualifyingCount": 1,
                    "comparePrice": "61,14 kr",
                    "splashTitleText": "",
                    "realMixAndMatch": false,
                    "mainProductCode": "101245523_ST",
                    "conditionLabelFormatted": "",
                    "promotionRedeemLimit": null,
                    "promotionPercentage": null,
                    "cartLabelFormatted": "",
                    "priority": 408,
                    "code": "2500268981"
                }
            ],
            "inactivePotentialPromotions": [],
            "priceValue": 29.9,
            "price": "29,90 kr",
            "image": {
                "imageType": "PRIMARY",
                "format": "product",
                "url": "https://assets.axfood.se/image/upload/f_auto,t_200/07340083441059_C1N1_s02",
                "altText": null,
                "galleryIndex": null,
                "width": null
            },
            "ranking": 320.07098546066,
            "depositPrice": "",
            "averageWeight": null,
            "comparePrice": "67,95 kr",
            "comparePriceUnit": "l",
            "isDrugProduct": false,
            "solrSearchScore": 0.6426547169685364,
            "energyDeclaration": null,
            "newsSplashProduct": false,
            "notAllowedB2b": false,
            "notAllowedAnonymous": false,
            "productLine2": "GARANT, 440ml",
            "pickupProductLine2": "GARANT, 440ml",
            "priceUnit": "kr/st",
            "priceNoUnit": "29,90",
            "savingsAmount": 3.0,
            "googleAnalyticsCategory": "",
            "gdprTrackingIncompliant": false,
            "tobaccoProduct": false,
            "showGoodPriceIcon": false,
            "nicotineMedicalProduct": false,
            "tobaccoFreeNicotineProduct": false,
            "nonEkoProduct": false,
            "precautionaryStatements": [],
            "hazards": [],
            "labels": [],
            "seoDescription": "",
            "seoTitle": "",
            "manufacturer": "Garant",
            "incrementValue": 1.0,
            "productBasketType": {
                "code": "ST",
                "type": "ProductBasketTypeEnum"
            },
            "bargainProduct": false,
            "addToCartMessage": "",
            "thumbnail": {
                "imageType": "PRIMARY",
                "format": "thumbnail",
                "url": "https://assets.axfood.se/image/upload/f_auto,t_100/07340083441059_C1N1_s02",
                "altText": null,
                "galleryIndex": null,
                "width": null
            },
            "outOfStock": false,
            "online": true,
            "displayVolume": "440ml",
            "addToCartDisabled": false,
            "name": "Bearnaisesås Klassisk",
            "code": "101245523_ST"
        },
        {
            "potentialPromotions": [
                {
                    "threshold": null,
                    "applied": false,
                    "campaignType": "GENERAL",
                    "offerStatus": null,
                    "productCodes": [
                        "101289285_ST"
                    ],
                    "promotionTheme": {
                        "code": "Z062",
                        "visible": null
                    },
                    "lowestHistoricalPrice": {
                        "currencyIso": "SEK",
                        "value": 38.9,
                        "priceType": "BUY",
                        "formattedValue": "38,90 kr",
                        "minQuantity": null,
                        "maxQuantity": null
                    },
                    "textLabelGenerated": "",
                    "textLabelManual": null,
                    "price": {
                        "currencyIso": "SEK",
                        "value": 29.8,
                        "priceType": "BUY",
                        "formattedValue": "29,80 kr",
                        "minQuantity": null,
                        "maxQuantity": null
                    },
                    "promotionType": "MixMatchPricePromotion",
                    "conditionLabel": "Spara 9,10 kr/st",
                    "rewardLabel": "29,80/st",
                    "textLabel": "",
                    "redeemLimitLabel": "",
                    "cartLabel": null,
                    "validUntil": null,
                    "timesUsed": null,
                    "qualifyingCount": 1,
                    "comparePrice": "74,50 kr",
                    "splashTitleText": "",
                    "realMixAndMatch": false,
                    "mainProductCode": "101289285_ST",
                    "conditionLabelFormatted": "",
                    "promotionRedeemLimit": null,
                    "promotionPercentage": null,
                    "cartLabelFormatted": "",
                    "priority": 408,
                    "code": "2500268956"
                }
            ],
            "inactivePotentialPromotions": [],
            "priceValue": 38.9,
            "price": "38,90 kr",
            "image": {
                "imageType": "PRIMARY",
                "format": "product",
                "url": "https://assets.axfood.se/image/upload/f_auto,t_200/03830042432272_C1N1_s02",
                "altText": null,
                "galleryIndex": null,
                "width": null
            },
            "ranking": 320.0609848053,
            "depositPrice": "",
            "averageWeight": null,
            "comparePrice": "97,25 kr",
            "comparePriceUnit": "kg",
            "isDrugProduct": false,
            "solrSearchScore": 0.6426547169685364,
            "energyDeclaration": null,
            "newsSplashProduct": false,
            "notAllowedB2b": false,
            "notAllowedAnonymous": false,
            "productLine2": "PEPI, 400g",
            "pickupProductLine2": "PEPI, 400g",
            "priceUnit": "kr/st",
            "priceNoUnit": "38,90",
            "savingsAmount": 9.1,
            "googleAnalyticsCategory": "",
            "gdprTrackingIncompliant": false,
            "tobaccoProduct": false,
            "showGoodPriceIcon": false,
            "nicotineMedicalProduct": false,
            "tobaccoFreeNicotineProduct": false,
            "nonEkoProduct": false,
            "precautionaryStatements": [],
            "hazards": [],
            "labels": [],
            "seoDescription": "",
            "seoTitle": "",
            "manufacturer": "Pepi",
            "incrementValue": 1.0,
            "productBasketType": {
                "code": "ST",
                "type": "ProductBasketTypeEnum"
            },
            "bargainProduct": false,
            "addToCartMessage": "",
            "thumbnail": {
                "imageType": "PRIMARY",
                "format": "thumbnail",
                "url": "https://assets.axfood.se/image/upload/f_auto,t_100/03830042432272_C1N1_s02",
                "altText": null,
                "galleryIndex": null,
                "width": null
            },
            "outOfStock": false,
            "online": true,
            "displayVolume": "400g",
            "addToCartDisabled": false,
            "name": "La Salsiccia Di Pollo Kycklingkorv Liten",
            "code": "101289285_ST"
        },
        {
            "potentialPromotions": [
                {
                    "threshold": null,
                    "applied": false,
                    "campaignType": "GENERAL",
                    "offerStatus": null,
                    "productCodes": [
                        "101332488_ST"
                    ],
                    "promotionTheme": {
                        "code": "Z062",
                        "visible": null
                    },
                    "lowestHistoricalPrice": null,
                    "textLabelGenerated": "",
                    "textLabelManual": null,
                    "price": {
                        "currencyIso": "SEK",
                        "value": 22.9,
                        "priceType": "BUY",
                        "formattedValue": "22,90 kr",
                        "minQuantity": null,
                        "maxQuantity": null
                    },
                    "promotionType": "MixMatchPricePromotion",
                    "conditionLabel": "Spara 3,60 kr/st",
                    "rewardLabel": "22,90/st",
                    "textLabel": "",
                    "redeemLimitLabel": "",
                    "cartLabel": null,
                    "validUntil": null,
                    "timesUsed": null,
                    "qualifyingCount": 1,
                    "comparePrice": "50,89 kr",
                    "splashTitleText": "",
                    "realMixAndMatch": false,
                    "mainProductCode": "101332488_ST",
                    "conditionLabelFormatted": "",
                    "promotionRedeemLimit": null,
                    "promotionPercentage": null,
                    "cartLabelFormatted": "",
                    "priority": 408,
                    "code": "2500269006"
                }
            ],
            "inactivePotentialPromotions": [],
            "priceValue": 26.5,
            "price": "26,50 kr",
            "image": {
                "imageType": "PRIMARY",
                "format": "product",
                "url": "https://assets.axfood.se/image/upload/f_auto,t_200/07311070003543_C1L1_s01",
                "altText": null,
                "galleryIndex": null,
                "width": null
            },
            "ranking": 320.05098611602,
            "depositPrice": "",
            "averageWeight": null,
            "comparePrice": "58,89 kr",
            "comparePriceUnit": "kg",
            "isDrugProduct": false,
            "solrSearchScore": 0.6426547169685364,
            "energyDeclaration": null,
            "newsSplashProduct": false,
            "notAllowedB2b": false,
            "notAllowedAnonymous": false,
            "productLine2": "PÅGEN, 450g",
            "pickupProductLine2": "PÅGEN, 450g",
            "priceUnit": "kr/st",
            "priceNoUnit": "26,50",
            "savingsAmount": 3.6,
            "googleAnalyticsCategory": "",
            "gdprTrackingIncompliant": false,
            "tobaccoProduct": false,
            "showGoodPriceIcon": false,
            "nicotineMedicalProduct": false,
            "tobaccoFreeNicotineProduct": false,
            "nonEkoProduct": false,
            "precautionaryStatements": [],
            "hazards": [],
            "labels": [],
            "seoDescription": "",
            "seoTitle": "",
            "manufacturer": "Pågen",
            "incrementValue": 1.0,
            "productBasketType": {
                "code": "ST",
                "type": "ProductBasketTypeEnum"
            },
            "bargainProduct": false,
            "addToCartMessage": "",
            "thumbnail": {
                "imageType": "PRIMARY",
                "format": "thumbnail",
                "url": "https://assets.axfood.se/image/upload/f_auto,t_100/07311070003543_C1L1_s01",
                "altText": null,
                "galleryIndex": null,
                "width": null
            },
            "outOfStock": false,
            "online": true,
            "displayVolume": "450g",
            "addToCartDisabled": false,
            "name": "Hönökaka 4-pack",
            "code": "101332488_ST"
        },
        {
            "potentialPromotions": [
                {
                    "threshold": null,
                    "applied": false,
                    "campaignType": "GENERAL",
                    "offerStatus": null,
                    "productCodes": [
                        "101545561_ST",
                        "101545562_ST",
                        "101545563_ST"
                    ],
                    "promotionTheme": {
                        "code": "Z062",
                        "visible": null
                    },
                    "lowestHistoricalPrice": {
                        "currencyIso": "SEK",
                        "value": 22.9,
                        "priceType": "BUY",
                        "formattedValue": "22,90 kr",
                        "minQuantity": null,
                        "maxQuantity": null
                    },
                    "textLabelGenerated": "",
                    "textLabelManual": null,
                    "price": {
                        "currencyIso": "SEK",
                        "value": 19.9,
                        "priceType": "BUY",
                        "formattedValue": "19,90 kr",
                        "minQuantity": null,
                        "maxQuantity": null
                    },
                    "promotionType": "MixMatchPricePromotion",
                    "conditionLabel": "Spara 3,00 kr/st",
                    "rewardLabel": "19,90/st",
                    "textLabel": "",
                    "redeemLimitLabel": "",
                    "cartLabel": null,
                    "validUntil": null,
                    "timesUsed": null,
                    "qualifyingCount": 1,
                    "comparePrice": "39,80 kr",
                    "splashTitleText": "",
                    "realMixAndMatch": false,
                    "mainProductCode": "101545561_ST",
                    "conditionLabelFormatted": "",
                    "promotionRedeemLimit": null,
                    "promotionPercentage": null,
                    "cartLabelFormatted": "",
                    "priority": 408,
                    "code": "2500268878"
                }
            ],
            "inactivePotentialPromotions": [],
            "priceValue": 22.9,
            "price": "22,90 kr",
            "image": {
                "imageType": "PRIMARY",
                "format": "product",
                "url": "https://assets.axfood.se/image/upload/f_auto,t_200/05711953068881_C1N1_s04",
                "altText": null,
                "galleryIndex": null,
                "width": null
            },
            "ranking": 320.04098382226,
            "depositPrice": "",
            "averageWeight": null,
            "comparePrice": "45,80 kr",
            "comparePriceUnit": "kg",
            "isDrugProduct": false,
            "solrSearchScore": 0.6426547169685364,
            "energyDeclaration": null,
            "newsSplashProduct": false,
            "notAllowedB2b": false,
            "notAllowedAnonymous": false,
            "productLine2": "ARLA, 500g",
            "pickupProductLine2": "ARLA, 500g",
            "priceUnit": "kr/st",
            "priceNoUnit": "22,90",
            "savingsAmount": 3.0,
            "googleAnalyticsCategory": "",
            "gdprTrackingIncompliant": false,
            "tobaccoProduct": false,
            "showGoodPriceIcon": false,
            "nicotineMedicalProduct": false,
            "tobaccoFreeNicotineProduct": false,
            "nonEkoProduct": false,
            "precautionaryStatements": [],
            "hazards": [],
            "labels": [
                "rainforest_alliance",
                "laktosfree",
                "environmental_facet"
            ],
            "seoDescription": "",
            "seoTitle": "",
            "manufacturer": "Arla",
            "incrementValue": 1.0,
            "productBasketType": {
                "code": "ST",
                "type": "ProductBasketTypeEnum"
            },
            "bargainProduct": false,
            "addToCartMessage": "",
            "thumbnail": {
                "imageType": "PRIMARY",
                "format": "thumbnail",
                "url": "https://assets.axfood.se/image/upload/f_auto,t_100/05711953068881_C1N1_s04",
                "altText": null,
                "galleryIndex": null,
                "width": null
            },
            "outOfStock": false,
            "online": true,
            "displayVolume": "500g",
            "addToCartDisabled": false,
            "name": "Choklad Proteinshake",
            "code": "101545561_ST"
        },
        {
            "potentialPromotions": [
                {
                    "threshold": null,
                    "applied": false,
                    "campaignType": "GENERAL",
                    "offerStatus": null,
                    "productCodes": [
                        "101670633_ST",
                        "101670642_ST"
                    ],
                    "promotionTheme": {
                        "code": "Z062",
                        "visible": null
                    },
                    "lowestHistoricalPrice": {
                        "currencyIso": "SEK",
                        "value": 24.9,
                        "priceType": "BUY",
                        "formattedValue": "24,90 kr",
                        "minQuantity": null,
                        "maxQuantity": null
                    },
                    "textLabelGenerated": "",
                    "textLabelManual": null,
                    "price": {
                        "currencyIso": "SEK",
                        "value": 19.9,
                        "priceType": "BUY",
                        "formattedValue": "19,90 kr",
                        "minQuantity": null,
                        "maxQuantity": null
                    },
                    "promotionType": "MixMatchPricePromotion",
                    "conditionLabel": "Spara 5,00 kr/st",
                    "rewardLabel": "19,90/st",
                    "textLabel": "",
                    "redeemLimitLabel": "",
                    "cartLabel": null,
                    "validUntil": null,
                    "timesUsed": null,
                    "qualifyingCount": 1,
                    "comparePrice": "284,29 kr",
                    "splashTitleText": "",
                    "realMixAndMatch": false,
                    "mainProductCode": "101670633_ST",
                    "conditionLabelFormatted": "",
                    "promotionRedeemLimit": null,
                    "promotionPercentage": null,
                    "cartLabelFormatted": "",
                    "priority": 408,
                    "code": "2500268979"
                }
            ],
            "inactivePotentialPromotions": [],
            "priceValue": 24.9,
            "price": "24,90 kr",
            "image": {
                "imageType": "PRIMARY",
                "format": "product",
                "url": "https://assets.axfood.se/image/upload/f_auto,t_200/07311043015306_C1C1_s01",
                "altText": null,
                "galleryIndex": null,
                "width": null
            },
            "ranking": 320.03098513298,
            "depositPrice": "",
            "averageWeight": null,
            "comparePrice": "355,71 kr",
            "comparePriceUnit": "kg",
            "isDrugProduct": false,
            "solrSearchScore": 0.6426547169685364,
            "energyDeclaration": null,
            "newsSplashProduct": false,
            "notAllowedB2b": false,
            "notAllowedAnonymous": false,
            "productLine2": "GARANT, 70g",
            "pickupProductLine2": "GARANT, 70g",
            "priceUnit": "kr/st",
            "priceNoUnit": "24,90",
            "savingsAmount": 5.0,
            "googleAnalyticsCategory": "",
            "gdprTrackingIncompliant": false,
            "tobaccoProduct": false,
            "showGoodPriceIcon": false,
            "nicotineMedicalProduct": false,
            "tobaccoFreeNicotineProduct": false,
            "nonEkoProduct": true,
            "precautionaryStatements": [],
            "hazards": [],
            "labels": [
                "msc_fish",
                "environmental_facet"
            ],
            "seoDescription": "",
            "seoTitle": "",
            "manufacturer": "Garant",
            "incrementValue": 1.0,
            "productBasketType": {
                "code": "ST",
                "type": "ProductBasketTypeEnum"
            },
            "bargainProduct": false,
            "addToCartMessage": "",
            "thumbnail": {
                "imageType": "PRIMARY",
                "format": "thumbnail",
                "url": "https://assets.axfood.se/image/upload/f_auto,t_100/07311043015306_C1C1_s01",
                "altText": null,
                "galleryIndex": null,
                "width": null
            },
            "outOfStock": false,
            "online": true,
            "displayVolume": "70g",
            "addToCartDisabled": false,
            "name": "Finkornig Rom Röd",
            "code": "101670633_ST"
        },
        {
            "potentialPromotions": [
                {
                    "threshold": null,
                    "applied": false,
                    "campaignType": "GENERAL",
                    "offerStatus": null,
                    "productCodes": [
                        "101708430_ST",
                        "101708397_ST"
                    ],
                    "promotionTheme": {
                        "code": "Z062",
                        "visible": null
                    },
                    "lowestHistoricalPrice": {
                        "currencyIso": "SEK",
                        "value": 9.9,
                        "priceType": "BUY",
                        "formattedValue": "9,90 kr",
                        "minQuantity": null,
                        "maxQuantity": null
                    },
                    "textLabelGenerated": "",
                    "textLabelManual": null,
                    "price": {
                        "currencyIso": "SEK",
                        "value": 17.9,
                        "priceType": "BUY",
                        "formattedValue": "17,90 kr",
                        "minQuantity": null,
                        "maxQuantity": null
                    },
                    "promotionType": "MixMatchPricePromotion",
                    "conditionLabel": "Spara 4,00 kr/st",
                    "rewardLabel": "17,90/st",
                    "textLabel": "",
                    "redeemLimitLabel": "",
                    "cartLabel": null,
                    "validUntil": null,
                    "timesUsed": null,
                    "qualifyingCount": 1,
                    "comparePrice": "44,75 kr",
                    "splashTitleText": "",
                    "realMixAndMatch": false,
                    "mainProductCode": "101708430_ST",
                    "conditionLabelFormatted": "",
                    "promotionRedeemLimit": null,
                    "promotionPercentage": null,
                    "cartLabelFormatted": "",
                    "priority": 408,
                    "code": "2500269115"
                }
            ],
            "inactivePotentialPromotions": [],
            "priceValue": 21.9,
            "price": "21,90 kr",
            "image": {
                "imageType": "PRIMARY",
                "format": "product",
                "url": "https://assets.axfood.se/image/upload/f_auto,t_200/07311043018093_C1C1_s01",
                "altText": null,
                "galleryIndex": null,
                "width": null
            },
            "ranking": 320.0209831669,
            "depositPrice": "",
            "averageWeight": null,
            "comparePrice": "54,75 kr",
            "comparePriceUnit": "kg",
            "isDrugProduct": false,
            "solrSearchScore": 0.6426547169685364,
            "energyDeclaration": null,
            "newsSplashProduct": false,
            "notAllowedB2b": false,
            "notAllowedAnonymous": false,
            "productLine2": "DAIRY FOOD, 400g",
            "pickupProductLine2": "DAIRY FOOD, 400g",
            "priceUnit": "kr/st",
            "priceNoUnit": "21,90",
            "savingsAmount": 4.0,
            "googleAnalyticsCategory": "",
            "gdprTrackingIncompliant": false,
            "tobaccoProduct": false,
            "showGoodPriceIcon": false,
            "nicotineMedicalProduct": false,
            "tobaccoFreeNicotineProduct": false,
            "nonEkoProduct": false,
            "precautionaryStatements": [],
            "hazards": [],
            "labels": [
                "ecological",
                "eu_ecological"
            ],
            "seoDescription": "",
            "seoTitle": "",
            "manufacturer": "Dairy Food",
            "incrementValue": 1.0,
            "productBasketType": {
                "code": "ST",
                "type": "ProductBasketTypeEnum"
            },
            "bargainProduct": false,
            "addToCartMessage": "",
            "thumbnail": {
                "imageType": "PRIMARY",
                "format": "thumbnail",
                "url": "https://assets.axfood.se/image/upload/f_auto,t_100/07311043018093_C1C1_s01",
                "altText": null,
                "galleryIndex": null,
                "width": null
            },
            "outOfStock": false,
            "online": true,
            "displayVolume": "400g",
            "addToCartDisabled": false,
            "name": "Vanilj Skyr Eko 0,2%",
            "code": "101708430_ST"
        },
        {
            "potentialPromotions": [
                {
                    "threshold": null,
                    "applied": false,
                    "campaignType": "GENERAL",
                    "offerStatus": null,
                    "productCodes": [
                        "101726919_ST",
                        "101726920_ST"
                    ],
                    "promotionTheme": {
                        "code": "Z062",
                        "visible": null
                    },
                    "lowestHistoricalPrice": {
                        "currencyIso": "SEK",
                        "value": 59.9,
                        "priceType": "BUY",
                        "formattedValue": "59,90 kr",
                        "minQuantity": null,
                        "maxQuantity": null
                    },
                    "textLabelGenerated": "",
                    "textLabelManual": null,
                    "price": {
                        "currencyIso": "SEK",
                        "value": 52.9,
                        "priceType": "BUY",
                        "formattedValue": "52,90 kr",
                        "minQuantity": null,
                        "maxQuantity": null
                    },
                    "promotionType": "MixMatchPricePromotion",
                    "conditionLabel": "Spara 7,00 kr/st",
                    "rewardLabel": "52,90/st  +pant",
                    "textLabel": "",
                    "redeemLimitLabel": "",
                    "cartLabel": null,
                    "validUntil": null,
                    "timesUsed": null,
                    "qualifyingCount": 1,
                    "comparePrice": "105,80 kr",
                    "splashTitleText": "",
                    "realMixAndMatch": false,
                    "mainProductCode": "101726919_ST",
                    "conditionLabelFormatted": "",
                    "promotionRedeemLimit": null,
                    "promotionPercentage": null,
                    "cartLabelFormatted": "",
                    "priority": 408,
                    "code": "2500273830"
                }
            ],
            "inactivePotentialPromotions": [],
            "priceValue": 59.9,
            "price": "59,90 kr",
            "image": {
                "imageType": "PRIMARY",
                "format": "product",
                "url": "https://assets.axfood.se/image/upload/f_auto,t_200/07311043015955_C1N1_s01",
                "altText": null,
                "galleryIndex": null,
                "width": null
            },
            "ranking": 320.01098677138,
            "depositPrice": "1,00 kr",
            "averageWeight": null,
            "comparePrice": "119,80 kr",
            "comparePriceUnit": "l",
            "isDrugProduct": false,
            "solrSearchScore": 0.6426547169685364,
            "energyDeclaration": null,
            "newsSplashProduct": false,
            "notAllowedB2b": false,
            "notAllowedAnonymous": false,
            "productLine2": "GARANT EKO, 0,5l",
            "pickupProductLine2": "GARANT EKO, 0,5l",
            "priceUnit": "kr/st",
            "priceNoUnit": "59,90",
            "savingsAmount": 7.0,
            "googleAnalyticsCategory": "",
            "gdprTrackingIncompliant": false,
            "tobaccoProduct": false,
            "showGoodPriceIcon": false,
            "nicotineMedicalProduct": false,
            "tobaccoFreeNicotineProduct": false,
            "nonEkoProduct": false,
            "precautionaryStatements": [],
            "hazards": [],
            "labels": [
                "ecological",
                "eu_ecological"
            ],
            "seoDescription": "",
            "seoTitle": "",
            "manufacturer": "Garant Eko",
            "incrementValue": 1.0,
            "productBasketType": {
                "code": "ST",
                "type": "ProductBasketTypeEnum"
            },
            "bargainProduct": false,
            "addToCartMessage": "",
            "thumbnail": {
                "imageType": "PRIMARY",
                "format": "thumbnail",
                "url": "https://assets.axfood.se/image/upload/f_auto,t_100/07311043015955_C1N1_s01",
                "altText": null,
                "galleryIndex": null,
                "width": null
            },
            "outOfStock": false,
            "online": true,
            "displayVolume": "0,5l",
            "addToCartDisabled": false,
            "name": "Ingefära Rödbe Kallpressad Shot Eko",
            "code": "101726919_ST"
        },
        {
            "potentialPromotions": [
                {
                    "threshold": null,
                    "applied": false,
                    "campaignType": "GENERAL",
                    "offerStatus": null,
                    "productCodes": [
                        "100326489_ST"
                    ],
                    "promotionTheme": {
                        "code": "Z062",
                        "visible": null
                    },
                    "lowestHistoricalPrice": {
                        "currencyIso": "SEK",
                        "value": 29.9,
                        "priceType": "BUY",
                        "formattedValue": "29,90 kr",
                        "minQuantity": null,
                        "maxQuantity": null
                    },
                    "textLabelGenerated": "",
                    "textLabelManual": null,
                    "price": {
                        "currencyIso": "SEK",
                        "value": 25.9,
                        "priceType": "BUY",
                        "formattedValue": "25,90 kr",
                        "minQuantity": null,
                        "maxQuantity": null
                    },
                    "promotionType": "MixMatchPricePromotion",
                    "conditionLabel": "Spara 4,00 kr/st",
                    "rewardLabel": "25,90/st",
                    "textLabel": "",
                    "redeemLimitLabel": "",
                    "cartLabel": null,
                    "validUntil": null,
                    "timesUsed": null,
                    "qualifyingCount": 1,
                    "comparePrice": "60,94 kr",
                    "splashTitleText": "",
                    "realMixAndMatch": false,
                    "mainProductCode": "100326489_ST",
                    "conditionLabelFormatted": "",
                    "promotionRedeemLimit": null,
                    "promotionPercentage": null,
                    "cartLabelFormatted": "",
                    "priority": 408,
                    "code": "2500269092"
                }
            ],
            "inactivePotentialPromotions": [],
            "priceValue": 29.9,
            "price": "29,90 kr",
            "image": {
                "imageType": "PRIMARY",
                "format": "product",
                "url": "https://assets.axfood.se/image/upload/f_auto,t_200/07314710603325_C1C1_s05",
                "altText": null,
                "galleryIndex": null,
                "width": null
            },
            "ranking": 280.89899594642,
            "depositPrice": "",
            "averageWeight": null,
            "comparePrice": "70,35 kr",
            "comparePriceUnit": "kg",
            "isDrugProduct": false,
            "solrSearchScore": 0.6426547169685364,
            "energyDeclaration": null,
            "newsSplashProduct": false,
            "notAllowedB2b": false,
            "notAllowedAnonymous": false,
            "productLine2": "GILLE, 425g",
            "pickupProductLine2": "GILLE, 425g",
            "priceUnit": "kr/st",
            "priceNoUnit": "29,90",
            "savingsAmount": 4.0,
            "googleAnalyticsCategory": "",
            "gdprTrackingIncompliant": false,
            "tobaccoProduct": false,
            "showGoodPriceIcon": false,
            "nicotineMedicalProduct": false,
            "tobaccoFreeNicotineProduct": false,
            "nonEkoProduct": false,
            "precautionaryStatements": [],
            "hazards": [],
            "labels": [],
            "seoDescription": "",
            "seoTitle": "",
            "manufacturer": "Gille",
            "incrementValue": 1.0,
            "productBasketType": {
                "code": "ST",
                "type": "ProductBasketTypeEnum"
            },
            "bargainProduct": false,
            "addToCartMessage": "",
            "thumbnail": {
                "imageType": "PRIMARY",
                "format": "thumbnail",
                "url": "https://assets.axfood.se/image/upload/f_auto,t_100/07314710603325_C1C1_s05",
                "altText": null,
                "galleryIndex": null,
                "width": null
            },
            "outOfStock": false,
            "online": true,
            "displayVolume": "425g",
            "addToCartDisabled": false,
            "name": "Små Hjärtan Pepparkakor Burk",
            "code": "100326489_ST"
        },
        {
            "potentialPromotions": [
                {
                    "threshold": null,
                    "applied": false,
                    "campaignType": "GENERAL",
                    "offerStatus": null,
                    "productCodes": [
                        "100351940_ST"
                    ],
                    "promotionTheme": {
                        "code": "Z062",
                        "visible": null
                    },
                    "lowestHistoricalPrice": null,
                    "textLabelGenerated": "",
                    "textLabelManual": null,
                    "price": {
                        "currencyIso": "SEK",
                        "value": 15.0,
                        "priceType": "BUY",
                        "formattedValue": "15,00 kr",
                        "minQuantity": null,
                        "maxQuantity": null
                    },
                    "promotionType": "MixMatchPricePromotion",
                    "conditionLabel": "2 för",
                    "rewardLabel": "30,00",
                    "textLabel": "",
                    "redeemLimitLabel": "",
                    "cartLabel": null,
                    "validUntil": null,
                    "timesUsed": null,
                    "qualifyingCount": 2,
                    "comparePrice": "3,75 kr",
                    "splashTitleText": "",
                    "realMixAndMatch": false,
                    "mainProductCode": "100351940_ST",
                    "conditionLabelFormatted": "",
                    "promotionRedeemLimit": null,
                    "promotionPercentage": null,
                    "cartLabelFormatted": "",
                    "priority": 408,
                    "code": "2500268997"
                }
            ],
            "inactivePotentialPromotions": [],
            "priceValue": 17.9,
            "price": "17,90 kr",
            "image": {
                "imageType": "PRIMARY",
                "format": "product",
                "url": "https://assets.axfood.se/image/upload/f_auto,t_200/07391704800144_C1N1_s02",
                "altText": null,
                "galleryIndex": null,
                "width": null
            },
            "ranking": 280.89799234194,
            "depositPrice": "",
            "averageWeight": null,
            "comparePrice": "4,48 kr",
            "comparePriceUnit": "st",
            "isDrugProduct": false,
            "solrSearchScore": 0.6426547169685364,
            "energyDeclaration": null,
            "newsSplashProduct": false,
            "notAllowedB2b": false,
            "notAllowedAnonymous": false,
            "productLine2": "WETTEX, 4p",
            "pickupProductLine2": "WETTEX, 4p",
            "priceUnit": "kr/st",
            "priceNoUnit": "17,90",
            "savingsAmount": 5.8,
            "googleAnalyticsCategory": "",
            "gdprTrackingIncompliant": false,
            "tobaccoProduct": false,
            "showGoodPriceIcon": false,
            "nicotineMedicalProduct": false,
            "tobaccoFreeNicotineProduct": false,
            "nonEkoProduct": false,
            "precautionaryStatements": [],
            "hazards": [],
            "labels": [],
            "seoDescription": "",
            "seoTitle": "",
            "manufacturer": "Wettex",
            "incrementValue": 1.0,
            "productBasketType": {
                "code": "ST",
                "type": "ProductBasketTypeEnum"
            },
            "bargainProduct": false,
            "addToCartMessage": "",
            "thumbnail": {
                "imageType": "PRIMARY",
                "format": "thumbnail",
                "url": "https://assets.axfood.se/image/upload/f_auto,t_100/07391704800144_C1N1_s02",
                "altText": null,
                "galleryIndex": null,
                "width": null
            },
            "outOfStock": false,
            "online": true,
            "displayVolume": "4p",
            "addToCartDisabled": false,
            "name": "The Original Diskduk",
            "code": "100351940_ST"
        },
        {
            "potentialPromotions": [
                {
                    "threshold": null,
                    "applied": false,
                    "campaignType": "GENERAL",
                    "offerStatus": null,
                    "productCodes": [
                        "100787445_ST",
                        "101361431_ST"
                    ],
                    "promotionTheme": {
                        "code": "Z065",
                        "visible": null
                    },
                    "lowestHistoricalPrice": {
                        "currencyIso": "SEK",
                        "value": 92.9,
                        "priceType": "BUY",
                        "formattedValue": "92,90 kr",
                        "minQuantity": null,
                        "maxQuantity": null
                    },
                    "textLabelGenerated": "",
                    "textLabelManual": null,
                    "price": {
                        "currencyIso": "SEK",
                        "value": 74.9,
                        "priceType": "BUY",
                        "formattedValue": "74,90 kr",
                        "minQuantity": null,
                        "maxQuantity": null
                    },
                    "promotionType": "MixMatchPricePromotion",
                    "conditionLabel": "Spara 18,00 kr/st",
                    "rewardLabel": "74,90/st",
                    "textLabel": "",
                    "redeemLimitLabel": "",
                    "cartLabel": null,
                    "validUntil": null,
                    "timesUsed": null,
                    "qualifyingCount": 1,
                    "comparePrice": "1 498,00 kr",
                    "splashTitleText": "",
                    "realMixAndMatch": false,
                    "mainProductCode": "100787445_ST",
                    "conditionLabelFormatted": "",
                    "promotionRedeemLimit": null,
                    "promotionPercentage": null,
                    "cartLabelFormatted": "",
                    "priority": 408,
                    "code": "2500262365"
                }
            ],
            "inactivePotentialPromotions": [],
            "priceValue": 92.9,
            "price": "92,90 kr",
            "image": {
                "imageType": "PRIMARY",
                "format": "product",
                "url": "https://assets.axfood.se/image/upload/f_auto,t_200/03600520297613_C1N1_s02",
                "altText": null,
                "galleryIndex": null,
                "width": null
            },
            "ranking": 280.89753780114,
            "depositPrice": "",
            "averageWeight": null,
            "comparePrice": "1 858,00 kr",
            "comparePriceUnit": "l",
            "isDrugProduct": false,
            "solrSearchScore": 0.6426547169685364,
            "energyDeclaration": null,
            "newsSplashProduct": false,
            "notAllowedB2b": false,
            "notAllowedAnonymous": false,
            "productLine2": "MEN EXPERT, 50ml",
            "pickupProductLine2": "MEN EXPERT, 50ml",
            "priceUnit": "kr/st",
            "priceNoUnit": "92,90",
            "savingsAmount": 18.0,
            "googleAnalyticsCategory": "",
            "gdprTrackingIncompliant": false,
            "tobaccoProduct": false,
            "showGoodPriceIcon": false,
            "nicotineMedicalProduct": false,
            "tobaccoFreeNicotineProduct": false,
            "nonEkoProduct": false,
            "precautionaryStatements": [],
            "hazards": [],
            "labels": [],
            "seoDescription": "",
            "seoTitle": "",
            "manufacturer": "Men Expert",
            "incrementValue": 1.0,
            "productBasketType": {
                "code": "ST",
                "type": "ProductBasketTypeEnum"
            },
            "bargainProduct": false,
            "addToCartMessage": "",
            "thumbnail": {
                "imageType": "PRIMARY",
                "format": "thumbnail",
                "url": "https://assets.axfood.se/image/upload/f_auto,t_100/03600520297613_C1N1_s02",
                "altText": null,
                "galleryIndex": null,
                "width": null
            },
            "outOfStock": false,
            "online": true,
            "displayVolume": "50ml",
            "addToCartDisabled": false,
            "name": "5 Actions 24h Hydra Energetic Ansiktscreme",
            "code": "100787445_ST"
        },
        {
            "potentialPromotions": [
                {
                    "threshold": null,
                    "applied": false,
                    "campaignType": "GENERAL",
                    "offerStatus": null,
                    "productCodes": [
                        "100383381_ST"
                    ],
                    "promotionTheme": {
                        "code": "Z062",
                        "visible": null
                    },
                    "lowestHistoricalPrice": null,
                    "textLabelGenerated": "",
                    "textLabelManual": null,
                    "price": {
                        "currencyIso": "SEK",
                        "value": 34.5,
                        "priceType": "BUY",
                        "formattedValue": "34,50 kr",
                        "minQuantity": null,
                        "maxQuantity": null
                    },
                    "promotionType": "MixMatchPricePromotion",
                    "conditionLabel": "2 för",
                    "rewardLabel": "69,00",
                    "textLabel": "",
                    "redeemLimitLabel": "",
                    "cartLabel": null,
                    "validUntil": null,
                    "timesUsed": null,
                    "qualifyingCount": 2,
                    "comparePrice": "98,57 kr",
                    "splashTitleText": "",
                    "realMixAndMatch": false,
                    "mainProductCode": "100383381_ST",
                    "conditionLabelFormatted": "",
                    "promotionRedeemLimit": null,
                    "promotionPercentage": null,
                    "cartLabelFormatted": "",
                    "priority": 408,
                    "code": "2500269031"
                }
            ],
            "inactivePotentialPromotions": [],
            "priceValue": 39.9,
            "price": "39,90 kr",
            "image": {
                "imageType": "PRIMARY",
                "format": "product",
                "url": "https://assets.axfood.se/image/upload/f_auto,t_200/00000080177173_C1L1_s01",
                "altText": null,
                "galleryIndex": null,
                "width": null
            },
            "ranking": 280.89699365266,
            "depositPrice": "",
            "averageWeight": null,
            "comparePrice": "114,00 kr",
            "comparePriceUnit": "kg",
            "isDrugProduct": false,
            "solrSearchScore": 0.6426547169685364,
            "energyDeclaration": null,
            "newsSplashProduct": false,
            "notAllowedB2b": false,
            "notAllowedAnonymous": false,
            "productLine2": "NUTELLA, 350g",
            "pickupProductLine2": "NUTELLA, 350g",
            "priceUnit": "kr/st",
            "priceNoUnit": "39,90",
            "savingsAmount": 10.8,
            "googleAnalyticsCategory": "",
            "gdprTrackingIncompliant": false,
            "tobaccoProduct": false,
            "showGoodPriceIcon": false,
            "nicotineMedicalProduct": false,
            "tobaccoFreeNicotineProduct": false,
            "nonEkoProduct": false,
            "precautionaryStatements": [],
            "hazards": [],
            "labels": [],
            "seoDescription": "",
            "seoTitle": "",
            "manufacturer": "Nutella",
            "incrementValue": 1.0,
            "productBasketType": {
                "code": "ST",
                "type": "ProductBasketTypeEnum"
            },
            "bargainProduct": false,
            "addToCartMessage": "",
            "thumbnail": {
                "imageType": "PRIMARY",
                "format": "thumbnail",
                "url": "https://assets.axfood.se/image/upload/f_auto,t_100/00000080177173_C1L1_s01",
                "altText": null,
                "galleryIndex": null,
                "width": null
            },
            "outOfStock": false,
            "online": true,
            "displayVolume": "350g",
            "addToCartDisabled": false,
            "name": "Nutella",
            "code": "100383381_ST"
        },
        {
            "potentialPromotions": [
                {
                    "threshold": null,
                    "applied": false,
                    "campaignType": "GENERAL",
                    "offerStatus": null,
                    "productCodes": [
                        "101253316_ST",
                        "101193713_ST",
                        "101193689_ST",
                        "101284492_ST"
                    ],
                    "promotionTheme": {
                        "code": "Z065",
                        "visible": null
                    },
                    "lowestHistoricalPrice": {
                        "currencyIso": "SEK",
                        "value": 32.9,
                        "priceType": "BUY",
                        "formattedValue": "32,90 kr",
                        "minQuantity": null,
                        "maxQuantity": null
                    },
                    "textLabelGenerated": "",
                    "textLabelManual": null,
                    "price": {
                        "currencyIso": "SEK",
                        "value": 24.9,
                        "priceType": "BUY",
                        "formattedValue": "24,90 kr",
                        "minQuantity": null,
                        "maxQuantity": null
                    },
                    "promotionType": "MixMatchPricePromotion",
                    "conditionLabel": "Spara 8,00 kr/st",
                    "rewardLabel": "24,90/st",
                    "textLabel": "",
                    "redeemLimitLabel": "",
                    "cartLabel": null,
                    "validUntil": null,
                    "timesUsed": null,
                    "qualifyingCount": 1,
                    "comparePrice": "99,60 kr",
                    "splashTitleText": "",
                    "realMixAndMatch": false,
                    "mainProductCode": "101253316_ST",
                    "conditionLabelFormatted": "",
                    "promotionRedeemLimit": null,
                    "promotionPercentage": null,
                    "cartLabelFormatted": "",
                    "priority": 408,
                    "code": "2500262480"
                }
            ],
            "inactivePotentialPromotions": [],
            "priceValue": 32.9,
            "price": "32,90 kr",
            "image": {
                "imageType": "PRIMARY",
                "format": "product",
                "url": "https://assets.axfood.se/image/upload/f_auto,t_200/07310614032063_C1N1_s03",
                "altText": null,
                "galleryIndex": null,
                "width": null
            },
            "ranking": 280.89653943954,
            "depositPrice": "",
            "averageWeight": null,
            "comparePrice": "131,60 kr",
            "comparePriceUnit": "l",
            "isDrugProduct": false,
            "solrSearchScore": 0.6426547169685364,
            "energyDeclaration": null,
            "newsSplashProduct": false,
            "notAllowedB2b": false,
            "notAllowedAnonymous": false,
            "productLine2": "LDB, 250ml",
            "pickupProductLine2": "LDB, 250ml",
            "priceUnit": "kr/st",
            "priceNoUnit": "32,90",
            "savingsAmount": 8.0,
            "googleAnalyticsCategory": "",
            "gdprTrackingIncompliant": false,
            "tobaccoProduct": false,
            "showGoodPriceIcon": false,
            "nicotineMedicalProduct": false,
            "tobaccoFreeNicotineProduct": false,
            "nonEkoProduct": false,
            "precautionaryStatements": [],
            "hazards": [],
            "labels": [],
            "seoDescription": "",
            "seoTitle": "",
            "manufacturer": "Ldb",
            "incrementValue": 1.0,
            "productBasketType": {
                "code": "ST",
                "type": "ProductBasketTypeEnum"
            },
            "bargainProduct": false,
            "addToCartMessage": "",
            "thumbnail": {
                "imageType": "PRIMARY",
                "format": "thumbnail",
                "url": "https://assets.axfood.se/image/upload/f_auto,t_100/07310614032063_C1N1_s03",
                "altText": null,
                "galleryIndex": null,
                "width": null
            },
            "outOfStock": false,
            "online": true,
            "displayVolume": "250ml",
            "addToCartDisabled": false,
            "name": "Oil Infused Macadamia Body Lotion",
            "code": "101253316_ST"
        },
        {
            "potentialPromotions": [
                {
                    "threshold": null,
                    "applied": false,
                    "campaignType": "GENERAL",
                    "offerStatus": null,
                    "productCodes": [
                        "100638035_ST",
                        "100638008_ST",
                        "101304666_ST",
                        "101542481_ST",
                        "101542479_ST",
                        "101542480_ST"
                    ],
                    "promotionTheme": {
                        "code": "Z062",
                        "visible": null
                    },
                    "lowestHistoricalPrice": {
                        "currencyIso": "SEK",
                        "value": 38.9,
                        "priceType": "BUY",
                        "formattedValue": "38,90 kr",
                        "minQuantity": null,
                        "maxQuantity": null
                    },
                    "textLabelGenerated": "",
                    "textLabelManual": null,
                    "price": {
                        "currencyIso": "SEK",
                        "value": 34.9,
                        "priceType": "BUY",
                        "formattedValue": "34,90 kr",
                        "minQuantity": null,
                        "maxQuantity": null
                    },
                    "promotionType": "MixMatchPricePromotion",
                    "conditionLabel": "Spara 4,00 kr/st",
                    "rewardLabel": "34,90/st",
                    "textLabel": "",
                    "redeemLimitLabel": "",
                    "cartLabel": null,
                    "validUntil": null,
                    "timesUsed": null,
                    "qualifyingCount": 1,
                    "comparePrice": "46,53 kr",
                    "splashTitleText": "",
                    "realMixAndMatch": false,
                    "mainProductCode": "100638035_ST",
                    "conditionLabelFormatted": "",
                    "promotionRedeemLimit": null,
                    "promotionPercentage": null,
                    "cartLabelFormatted": "",
                    "priority": 408,
                    "code": "2500269045"
                }
            ],
            "inactivePotentialPromotions": [],
            "priceValue": 38.9,
            "price": "38,90 kr",
            "image": {
                "imageType": "PRIMARY",
                "format": "product",
                "url": "https://assets.axfood.se/image/upload/f_auto,t_200/07310130801709_C1R1_s07",
                "altText": null,
                "galleryIndex": null,
                "width": null
            },
            "ranking": 280.89599070354,
            "depositPrice": "",
            "averageWeight": null,
            "comparePrice": "51,87 kr",
            "comparePriceUnit": "kg",
            "isDrugProduct": false,
            "solrSearchScore": 0.6426547169685364,
            "energyDeclaration": null,
            "newsSplashProduct": false,
            "notAllowedB2b": false,
            "notAllowedAnonymous": false,
            "productLine2": "START!, 750g",
            "pickupProductLine2": "START!, 750g",
            "priceUnit": "kr/st",
            "priceNoUnit": "38,90",
            "savingsAmount": 4.0,
            "googleAnalyticsCategory": "",
            "gdprTrackingIncompliant": false,
            "tobaccoProduct": false,
            "showGoodPriceIcon": false,
            "nicotineMedicalProduct": false,
            "tobaccoFreeNicotineProduct": false,
            "nonEkoProduct": false,
            "precautionaryStatements": [],
            "hazards": [],
            "labels": [],
            "seoDescription": "",
            "seoTitle": "",
            "manufacturer": "Start!",
            "incrementValue": 1.0,
            "productBasketType": {
                "code": "ST",
                "type": "ProductBasketTypeEnum"
            },
            "bargainProduct": false,
            "addToCartMessage": "",
            "thumbnail": {
                "imageType": "PRIMARY",
                "format": "thumbnail",
                "url": "https://assets.axfood.se/image/upload/f_auto,t_100/07310130801709_C1R1_s07",
                "altText": null,
                "galleryIndex": null,
                "width": null
            },
            "outOfStock": false,
            "online": true,
            "displayVolume": "750g",
            "addToCartDisabled": false,
            "name": "Start Naturell Granola Müsli",
            "code": "100638035_ST"
        },
        {
            "potentialPromotions": [
                {
                    "threshold": null,
                    "applied": false,
                    "campaignType": "GENERAL",
                    "offerStatus": null,
                    "productCodes": [
                        "101287668_ST",
                        "101287639_ST"
                    ],
                    "promotionTheme": {
                        "code": "Z065",
                        "visible": null
                    },
                    "lowestHistoricalPrice": {
                        "currencyIso": "SEK",
                        "value": 56.9,
                        "priceType": "BUY",
                        "formattedValue": "56,90 kr",
                        "minQuantity": null,
                        "maxQuantity": null
                    },
                    "textLabelGenerated": "",
                    "textLabelManual": null,
                    "price": {
                        "currencyIso": "SEK",
                        "value": 44.9,
                        "priceType": "BUY",
                        "formattedValue": "44,90 kr",
                        "minQuantity": null,
                        "maxQuantity": null
                    },
                    "promotionType": "MixMatchPricePromotion",
                    "conditionLabel": "Spara 12,00 kr/st",
                    "rewardLabel": "44,90/st",
                    "textLabel": "",
                    "redeemLimitLabel": "",
                    "cartLabel": null,
                    "validUntil": null,
                    "timesUsed": null,
                    "qualifyingCount": 1,
                    "comparePrice": "449,00 kr",
                    "splashTitleText": "",
                    "realMixAndMatch": false,
                    "mainProductCode": "101287668_ST",
                    "conditionLabelFormatted": "",
                    "promotionRedeemLimit": null,
                    "promotionPercentage": null,
                    "cartLabelFormatted": "",
                    "priority": 408,
                    "code": "2500262371"
                }
            ],
            "inactivePotentialPromotions": [],
            "priceValue": 56.9,
            "price": "56,90 kr",
            "image": {
                "imageType": "PRIMARY",
                "format": "product",
                "url": "https://assets.axfood.se/image/upload/f_auto,t_200/03600523717453_C1N0_s01",
                "altText": null,
                "galleryIndex": null,
                "width": null
            },
            "ranking": 280.89554140562,
            "depositPrice": "",
            "averageWeight": null,
            "comparePrice": "569,00 kr",
            "comparePriceUnit": "l",
            "isDrugProduct": false,
            "solrSearchScore": 0.6426547169685364,
            "energyDeclaration": null,
            "newsSplashProduct": false,
            "notAllowedB2b": false,
            "notAllowedAnonymous": false,
            "productLine2": "MEN EXPERT, 100ml",
            "pickupProductLine2": "MEN EXPERT, 100ml",
            "priceUnit": "kr/st",
            "priceNoUnit": "56,90",
            "savingsAmount": 12.0,
            "googleAnalyticsCategory": "",
            "gdprTrackingIncompliant": false,
            "tobaccoProduct": false,
            "showGoodPriceIcon": false,
            "nicotineMedicalProduct": false,
            "tobaccoFreeNicotineProduct": false,
            "nonEkoProduct": false,
            "precautionaryStatements": [],
            "hazards": [],
            "labels": [],
            "seoDescription": "",
            "seoTitle": "",
            "manufacturer": "Men Expert",
            "incrementValue": 1.0,
            "productBasketType": {
                "code": "ST",
                "type": "ProductBasketTypeEnum"
            },
            "bargainProduct": false,
            "addToCartMessage": "",
            "thumbnail": {
                "imageType": "PRIMARY",
                "format": "thumbnail",
                "url": "https://assets.axfood.se/image/upload/f_auto,t_100/03600523717453_C1N0_s01",
                "altText": null,
                "galleryIndex": null,
                "width": null
            },
            "outOfStock": false,
            "online": true,
            "displayVolume": "100ml",
            "addToCartDisabled": false,
            "name": "Face Scrub Hydra Energetic Ansikts Skrubb",
            "code": "101287668_ST"
        },
        {
            "potentialPromotions": [
                {
                    "threshold": null,
                    "applied": false,
                    "campaignType": "GENERAL",
                    "offerStatus": null,
                    "productCodes": [
                        "100809742_ST",
                        "101322404_ST"
                    ],
                    "promotionTheme": {
                        "code": "Z062",
                        "visible": null
                    },
                    "lowestHistoricalPrice": {
                        "currencyIso": "SEK",
                        "value": 47.9,
                        "priceType": "BUY",
                        "formattedValue": "47,90 kr",
                        "minQuantity": null,
                        "maxQuantity": null
                    },
                    "textLabelGenerated": "",
                    "textLabelManual": null,
                    "price": {
                        "currencyIso": "SEK",
                        "value": 47.9,
                        "priceType": "BUY",
                        "formattedValue": "47,90 kr",
                        "minQuantity": null,
                        "maxQuantity": null
                    },
                    "promotionType": "MixMatchPricePromotion",
                    "conditionLabel": "Spara 5,00 kr/st",
                    "rewardLabel": "47,90/st  +pant",
                    "textLabel": "",
                    "redeemLimitLabel": "",
                    "cartLabel": null,
                    "validUntil": null,
                    "timesUsed": null,
                    "qualifyingCount": 1,
                    "comparePrice": "12,09 kr",
                    "splashTitleText": "",
                    "realMixAndMatch": false,
                    "mainProductCode": "100809742_ST",
                    "conditionLabelFormatted": "",
                    "promotionRedeemLimit": null,
                    "promotionPercentage": null,
                    "cartLabelFormatted": "",
                    "priority": 408,
                    "code": "2500275728"
                }
            ],
            "inactivePotentialPromotions": [],
            "priceValue": 52.9,
            "price": "52,90 kr",
            "image": {
                "imageType": "PRIMARY",
                "format": "product",
                "url": "https://assets.axfood.se/image/upload/f_auto,t_200/07310403001669_C1N1_s01",
                "altText": null,
                "galleryIndex": null,
                "width": null
            },
            "ranking": 280.89499758482,
            "depositPrice": "12,00 kr",
            "averageWeight": null,
            "comparePrice": "13,36 kr",
            "comparePriceUnit": "l",
            "isDrugProduct": false,
            "solrSearchScore": 0.6426547169685364,
            "energyDeclaration": null,
            "newsSplashProduct": false,
            "notAllowedB2b": false,
            "notAllowedAnonymous": false,
            "productLine2": "NYGÅRDA, 12p/33cl",
            "pickupProductLine2": "NYGÅRDA, 12p/33cl",
            "priceUnit": "kr/st",
            "priceNoUnit": "52,90",
            "savingsAmount": 5.0,
            "googleAnalyticsCategory": "",
            "gdprTrackingIncompliant": false,
            "tobaccoProduct": false,
            "showGoodPriceIcon": false,
            "nicotineMedicalProduct": false,
            "tobaccoFreeNicotineProduct": false,
            "nonEkoProduct": false,
            "precautionaryStatements": [],
            "hazards": [],
            "labels": [],
            "seoDescription": "",
            "seoTitle": "",
            "manufacturer": "Nygårda",
            "incrementValue": 1.0,
            "productBasketType": {
                "code": "ST",
                "type": "ProductBasketTypeEnum"
            },
            "bargainProduct": false,
            "addToCartMessage": "",
            "thumbnail": {
                "imageType": "PRIMARY",
                "format": "thumbnail",
                "url": "https://assets.axfood.se/image/upload/f_auto,t_100/07310403001669_C1N1_s01",
                "altText": null,
                "galleryIndex": null,
                "width": null
            },
            "outOfStock": false,
            "online": true,
            "displayVolume": "12p/33cl",
            "addToCartDisabled": false,
            "name": "Julmust Läsk Pet",
            "code": "100809742_ST"
        },
        {
            "potentialPromotions": [
                {
                    "threshold": null,
                    "applied": false,
                    "campaignType": "GENERAL",
                    "offerStatus": null,
                    "productCodes": [
                        "101475568_ST"
                    ],
                    "promotionTheme": {
                        "code": "Z065",
                        "visible": null
                    },
                    "lowestHistoricalPrice": {
                        "currencyIso": "SEK",
                        "value": 19.9,
                        "priceType": "BUY",
                        "formattedValue": "19,90 kr",
                        "minQuantity": null,
                        "maxQuantity": null
                    },
                    "textLabelGenerated": "",
                    "textLabelManual": null,
                    "price": {
                        "currencyIso": "SEK",
                        "value": 14.9,
                        "priceType": "BUY",
                        "formattedValue": "14,90 kr",
                        "minQuantity": null,
                        "maxQuantity": null
                    },
                    "promotionType": "MixMatchPricePromotion",
                    "conditionLabel": "Spara 5,00 kr/st",
                    "rewardLabel": "14,90/st",
                    "textLabel": "",
                    "redeemLimitLabel": "",
                    "cartLabel": null,
                    "validUntil": null,
                    "timesUsed": null,
                    "qualifyingCount": 1,
                    "comparePrice": "59,60 kr",
                    "splashTitleText": "",
                    "realMixAndMatch": false,
                    "mainProductCode": "101475568_ST",
                    "conditionLabelFormatted": "",
                    "promotionRedeemLimit": null,
                    "promotionPercentage": null,
                    "cartLabelFormatted": "",
                    "priority": 408,
                    "code": "2500272143"
                }
            ],
            "inactivePotentialPromotions": [],
            "priceValue": 19.9,
            "price": "19,90 kr",
            "image": {
                "imageType": "PRIMARY",
                "format": "product",
                "url": "https://assets.axfood.se/image/upload/f_auto,t_200/07310610028794_C1N1_s02",
                "altText": null,
                "galleryIndex": null,
                "width": null
            },
            "ranking": 280.89454107794,
            "depositPrice": "",
            "averageWeight": null,
            "comparePrice": "79,60 kr",
            "comparePriceUnit": "l",
            "isDrugProduct": false,
            "solrSearchScore": 0.6426547169685364,
            "energyDeclaration": null,
            "newsSplashProduct": false,
            "notAllowedB2b": false,
            "notAllowedAnonymous": false,
            "productLine2": "LDB, 250ml",
            "pickupProductLine2": "LDB, 250ml",
            "priceUnit": "kr/st",
            "priceNoUnit": "19,90",
            "savingsAmount": 5.0,
            "googleAnalyticsCategory": "",
            "gdprTrackingIncompliant": false,
            "tobaccoProduct": false,
            "showGoodPriceIcon": false,
            "nicotineMedicalProduct": false,
            "tobaccoFreeNicotineProduct": false,
            "nonEkoProduct": false,
            "precautionaryStatements": [],
            "hazards": [],
            "labels": [],
            "seoDescription": "",
            "seoTitle": "",
            "manufacturer": "Ldb",
            "incrementValue": 1.0,
            "productBasketType": {
                "code": "ST",
                "type": "ProductBasketTypeEnum"
            },
            "bargainProduct": false,
            "addToCartMessage": "",
            "thumbnail": {
                "imageType": "PRIMARY",
                "format": "thumbnail",
                "url": "https://assets.axfood.se/image/upload/f_auto,t_100/07310610028794_C1N1_s02",
                "altText": null,
                "galleryIndex": null,
                "width": null
            },
            "outOfStock": false,
            "online": true,
            "displayVolume": "250ml",
            "addToCartDisabled": false,
            "name": "Gotland Essence Of Duschcreme",
            "code": "101475568_ST"
        },
        {
            "potentialPromotions": [
                {
                    "threshold": null,
                    "applied": false,
                    "campaignType": "GENERAL",
                    "offerStatus": null,
                    "productCodes": [
                        "101232495_ST",
                        "100968268_ST",
                        "100968204_ST",
                        "100968188_ST",
                        "100968240_ST"
                    ],
                    "promotionTheme": {
                        "code": "Z062",
                        "visible": null
                    },
                    "lowestHistoricalPrice": null,
                    "textLabelGenerated": "",
                    "textLabelManual": null,
                    "price": {
                        "currencyIso": "SEK",
                        "value": 8.0,
                        "priceType": "BUY",
                        "formattedValue": "8,00 kr",
                        "minQuantity": null,
                        "maxQuantity": null
                    },
                    "promotionType": "MixMatchPricePromotion",
                    "conditionLabel": "Välj & blanda! 4 för",
                    "rewardLabel": "32,00",
                    "textLabel": "",
                    "redeemLimitLabel": "",
                    "cartLabel": null,
                    "validUntil": null,
                    "timesUsed": null,
                    "qualifyingCount": 4,
                    "comparePrice": "133,33 kr",
                    "splashTitleText": "",
                    "realMixAndMatch": true,
                    "mainProductCode": "101232495_ST",
                    "conditionLabelFormatted": "4 för",
                    "promotionRedeemLimit": null,
                    "promotionPercentage": null,
                    "cartLabelFormatted": "",
                    "priority": 408,
                    "code": "2500268967"
                }
            ],
            "inactivePotentialPromotions": [],
            "priceValue": 8.9,
            "price": "8,90 kr",
            "image": {
                "imageType": "PRIMARY",
                "format": "product",
                "url": "https://assets.axfood.se/image/upload/f_auto,t_200/07310350118342_C1N1_s02",
                "altText": null,
                "galleryIndex": null,
                "width": null
            },
            "ranking": 280.89399037586,
            "depositPrice": "",
            "averageWeight": null,
            "comparePrice": "148,33 kr",
            "comparePriceUnit": "kg",
            "isDrugProduct": false,
            "solrSearchScore": 0.6426547169685364,
            "energyDeclaration": null,
            "newsSplashProduct": false,
            "notAllowedB2b": false,
            "notAllowedAnonymous": false,
            "productLine2": "CLOETTA, 60g",
            "pickupProductLine2": "CLOETTA, 60g",
            "priceUnit": "kr/st",
            "priceNoUnit": "8,90",
            "savingsAmount": 3.6,
            "googleAnalyticsCategory": "",
            "gdprTrackingIncompliant": false,
            "tobaccoProduct": false,
            "showGoodPriceIcon": false,
            "nicotineMedicalProduct": false,
            "tobaccoFreeNicotineProduct": false,
            "nonEkoProduct": false,
            "precautionaryStatements": [],
            "hazards": [],
            "labels": [
                "rainforest_alliance",
                "environmental_facet"
            ],
            "seoDescription": "",
            "seoTitle": "",
            "manufacturer": "Cloetta",
            "incrementValue": 1.0,
            "productBasketType": {
                "code": "ST",
                "type": "ProductBasketTypeEnum"
            },
            "bargainProduct": false,
            "addToCartMessage": "",
            "thumbnail": {
                "imageType": "PRIMARY",
                "format": "thumbnail",
                "url": "https://assets.axfood.se/image/upload/f_auto,t_100/07310350118342_C1N1_s02",
                "altText": null,
                "galleryIndex": null,
                "width": null
            },
            "outOfStock": false,
            "online": true,
            "displayVolume": "60g",
            "addToCartDisabled": false,
            "name": "Kexchoklad",
            "code": "101232495_ST"
        },
        {
            "potentialPromotions": [
                {
                    "threshold": null,
                    "applied": false,
                    "campaignType": "GENERAL",
                    "offerStatus": null,
                    "productCodes": [
                        "101474626_ST"
                    ],
                    "promotionTheme": {
                        "code": "Z065",
                        "visible": null
                    },
                    "lowestHistoricalPrice": {
                        "currencyIso": "SEK",
                        "value": 29.9,
                        "priceType": "BUY",
                        "formattedValue": "29,90 kr",
                        "minQuantity": null,
                        "maxQuantity": null
                    },
                    "textLabelGenerated": "",
                    "textLabelManual": null,
                    "price": {
                        "currencyIso": "SEK",
                        "value": 24.9,
                        "priceType": "BUY",
                        "formattedValue": "24,90 kr",
                        "minQuantity": null,
                        "maxQuantity": null
                    },
                    "promotionType": "MixMatchPricePromotion",
                    "conditionLabel": "Spara 5,00 kr/st",
                    "rewardLabel": "24,90/st",
                    "textLabel": "",
                    "redeemLimitLabel": "",
                    "cartLabel": null,
                    "validUntil": null,
                    "timesUsed": null,
                    "qualifyingCount": 1,
                    "comparePrice": "99,60 kr",
                    "splashTitleText": "",
                    "realMixAndMatch": false,
                    "mainProductCode": "101474626_ST",
                    "conditionLabelFormatted": "",
                    "promotionRedeemLimit": null,
                    "promotionPercentage": null,
                    "cartLabelFormatted": "",
                    "priority": 408,
                    "code": "2500272149"
                }
            ],
            "inactivePotentialPromotions": [],
            "priceValue": 29.9,
            "price": "29,90 kr",
            "image": {
                "imageType": "PRIMARY",
                "format": "product",
                "url": "https://assets.axfood.se/image/upload/f_auto,t_200/07310610028800_C1N1_s02",
                "altText": null,
                "galleryIndex": null,
                "width": null
            },
            "ranking": 280.8935417333,
            "depositPrice": "",
            "averageWeight": null,
            "comparePrice": "119,60 kr",
            "comparePriceUnit": "l",
            "isDrugProduct": false,
            "solrSearchScore": 0.6426547169685364,
            "energyDeclaration": null,
            "newsSplashProduct": false,
            "notAllowedB2b": false,
            "notAllowedAnonymous": false,
            "productLine2": "LDB, 250ml",
            "pickupProductLine2": "LDB, 250ml",
            "priceUnit": "kr/st",
            "priceNoUnit": "29,90",
            "savingsAmount": 5.0,
            "googleAnalyticsCategory": "",
            "gdprTrackingIncompliant": false,
            "tobaccoProduct": false,
            "showGoodPriceIcon": false,
            "nicotineMedicalProduct": false,
            "tobaccoFreeNicotineProduct": false,
            "nonEkoProduct": false,
            "precautionaryStatements": [],
            "hazards": [],
            "labels": [],
            "seoDescription": "",
            "seoTitle": "",
            "manufacturer": "Ldb",
            "incrementValue": 1.0,
            "productBasketType": {
                "code": "ST",
                "type": "ProductBasketTypeEnum"
            },
            "bargainProduct": false,
            "addToCartMessage": "",
            "thumbnail": {
                "imageType": "PRIMARY",
                "format": "thumbnail",
                "url": "https://assets.axfood.se/image/upload/f_auto,t_100/07310610028800_C1N1_s02",
                "altText": null,
                "galleryIndex": null,
                "width": null
            },
            "outOfStock": false,
            "online": true,
            "displayVolume": "250ml",
            "addToCartDisabled": false,
            "name": "Gotland All Skin Types Body Lotion",
            "code": "101474626_ST"
        },
        {
            "potentialPromotions": [
                {
                    "threshold": null,
                    "applied": false,
                    "campaignType": "GENERAL",
                    "offerStatus": null,
                    "productCodes": [
                        "101333078_ST",
                        "101037600_ST",
                        "101719891_ST"
                    ],
                    "promotionTheme": {
                        "code": "Z062",
                        "visible": null
                    },
                    "lowestHistoricalPrice": {
                        "currencyIso": "SEK",
                        "value": 79.9,
                        "priceType": "BUY",
                        "formattedValue": "79,90 kr",
                        "minQuantity": null,
                        "maxQuantity": null
                    },
                    "textLabelGenerated": "",
                    "textLabelManual": null,
                    "price": {
                        "currencyIso": "SEK",
                        "value": 69.8,
                        "priceType": "BUY",
                        "formattedValue": "69,80 kr",
                        "minQuantity": null,
                        "maxQuantity": null
                    },
                    "promotionType": "MixMatchPricePromotion",
                    "conditionLabel": "Spara 10,10 kr/st",
                    "rewardLabel": "69,80/st",
                    "textLabel": "",
                    "redeemLimitLabel": "",
                    "cartLabel": null,
                    "validUntil": null,
                    "timesUsed": null,
                    "qualifyingCount": 1,
                    "comparePrice": "349,00 kr",
                    "splashTitleText": "",
                    "realMixAndMatch": false,
                    "mainProductCode": "101333078_ST",
                    "conditionLabelFormatted": "",
                    "promotionRedeemLimit": null,
                    "promotionPercentage": null,
                    "cartLabelFormatted": "",
                    "priority": 408,
                    "code": "2500268962"
                }
            ],
            "inactivePotentialPromotions": [],
            "priceValue": 79.9,
            "price": "79,90 kr",
            "image": {
                "imageType": "PRIMARY",
                "format": "product",
                "url": "https://assets.axfood.se/image/upload/f_auto,t_200/08003340099743_C1C1_s02",
                "altText": null,
                "galleryIndex": null,
                "width": null
            },
            "ranking": 280.89298906514,
            "depositPrice": "",
            "averageWeight": null,
            "comparePrice": "399,50 kr",
            "comparePriceUnit": "kg",
            "isDrugProduct": false,
            "solrSearchScore": 0.6426547169685364,
            "energyDeclaration": null,
            "newsSplashProduct": false,
            "notAllowedB2b": false,
            "notAllowedAnonymous": false,
            "productLine2": "LINDT, 200g",
            "pickupProductLine2": "LINDT, 200g",
            "priceUnit": "kr/st",
            "priceNoUnit": "79,90",
            "savingsAmount": 10.1,
            "googleAnalyticsCategory": "",
            "gdprTrackingIncompliant": false,
            "tobaccoProduct": false,
            "showGoodPriceIcon": false,
            "nicotineMedicalProduct": false,
            "tobaccoFreeNicotineProduct": false,
            "nonEkoProduct": false,
            "precautionaryStatements": [],
            "hazards": [],
            "labels": [],
            "seoDescription": "",
            "seoTitle": "",
            "manufacturer": "Lindt",
            "incrementValue": 1.0,
            "productBasketType": {
                "code": "ST",
                "type": "ProductBasketTypeEnum"
            },
            "bargainProduct": false,
            "addToCartMessage": "",
            "thumbnail": {
                "imageType": "PRIMARY",
                "format": "thumbnail",
                "url": "https://assets.axfood.se/image/upload/f_auto,t_100/08003340099743_C1C1_s02",
                "altText": null,
                "galleryIndex": null,
                "width": null
            },
            "outOfStock": false,
            "online": true,
            "displayVolume": "200g",
            "addToCartDisabled": false,
            "name": "Milk Lindor Mjölkchoklad Lindorkulor Cornet",
            "code": "101333078_ST"
        },
        {
            "potentialPromotions": [
                {
                    "threshold": null,
                    "applied": false,
                    "campaignType": "GENERAL",
                    "offerStatus": null,
                    "productCodes": [
                        "101146387_ST"
                    ],
                    "promotionTheme": {
                        "code": "Z062",
                        "visible": null
                    },
                    "lowestHistoricalPrice": {
                        "currencyIso": "SEK",
                        "value": 39.9,
                        "priceType": "BUY",
                        "formattedValue": "39,90 kr",
                        "minQuantity": null,
                        "maxQuantity": null
                    },
                    "textLabelGenerated": "",
                    "textLabelManual": null,
                    "price": {
                        "currencyIso": "SEK",
                        "value": 35.9,
                        "priceType": "BUY",
                        "formattedValue": "35,90 kr",
                        "minQuantity": null,
                        "maxQuantity": null
                    },
                    "promotionType": "MixMatchPricePromotion",
                    "conditionLabel": "Spara 4,00 kr/st",
                    "rewardLabel": "35,90/st",
                    "textLabel": "",
                    "redeemLimitLabel": "",
                    "cartLabel": null,
                    "validUntil": null,
                    "timesUsed": null,
                    "qualifyingCount": 1,
                    "comparePrice": "71,80 kr",
                    "splashTitleText": "",
                    "realMixAndMatch": false,
                    "mainProductCode": "101146387_ST",
                    "conditionLabelFormatted": "",
                    "promotionRedeemLimit": null,
                    "promotionPercentage": null,
                    "cartLabelFormatted": "",
                    "priority": 408,
                    "code": "2500269010"
                }
            ],
            "inactivePotentialPromotions": [],
            "priceValue": 39.9,
            "price": "39,90 kr",
            "image": {
                "imageType": "PRIMARY",
                "format": "product",
                "url": "https://assets.axfood.se/image/upload/f_auto,t_200/07311041063439_C1N1_s01",
                "altText": null,
                "galleryIndex": null,
                "width": null
            },
            "ranking": 280.8919929973,
            "depositPrice": "",
            "averageWeight": null,
            "comparePrice": "79,80 kr",
            "comparePriceUnit": "kg",
            "isDrugProduct": false,
            "solrSearchScore": 0.6426547169685364,
            "energyDeclaration": null,
            "newsSplashProduct": false,
            "notAllowedB2b": false,
            "notAllowedAnonymous": false,
            "productLine2": "GARANT, 500g",
            "pickupProductLine2": "GARANT, 500g",
            "priceUnit": "kr/st",
            "priceNoUnit": "39,90",
            "savingsAmount": 4.0,
            "googleAnalyticsCategory": "",
            "gdprTrackingIncompliant": false,
            "tobaccoProduct": false,
            "showGoodPriceIcon": false,
            "nicotineMedicalProduct": false,
            "tobaccoFreeNicotineProduct": false,
            "nonEkoProduct": false,
            "precautionaryStatements": [],
            "hazards": [],
            "labels": [],
            "seoDescription": "",
            "seoTitle": "",
            "manufacturer": "Garant",
            "incrementValue": 1.0,
            "productBasketType": {
                "code": "ST",
                "type": "ProductBasketTypeEnum"
            },
            "bargainProduct": false,
            "addToCartMessage": "",
            "thumbnail": {
                "imageType": "PRIMARY",
                "format": "thumbnail",
                "url": "https://assets.axfood.se/image/upload/f_auto,t_100/07311041063439_C1N1_s01",
                "altText": null,
                "galleryIndex": null,
                "width": null
            },
            "outOfStock": false,
            "online": true,
            "displayVolume": "500g",
            "addToCartDisabled": false,
            "name": "Russin Soltorkade",
            "code": "101146387_ST"
        },
        {
            "potentialPromotions": [
                {
                    "threshold": null,
                    "applied": false,
                    "campaignType": "GENERAL",
                    "offerStatus": null,
                    "productCodes": [
                        "100058214_ST",
                        "100057778_ST",
                        "100057787_ST",
                        "101048153_ST"
                    ],
                    "promotionTheme": {
                        "code": "Z062",
                        "visible": null
                    },
                    "lowestHistoricalPrice": {
                        "currencyIso": "SEK",
                        "value": 53.9,
                        "priceType": "BUY",
                        "formattedValue": "53,90 kr",
                        "minQuantity": null,
                        "maxQuantity": null
                    },
                    "textLabelGenerated": "",
                    "textLabelManual": null,
                    "price": {
                        "currencyIso": "SEK",
                        "value": 47.9,
                        "priceType": "BUY",
                        "formattedValue": "47,90 kr",
                        "minQuantity": null,
                        "maxQuantity": null
                    },
                    "promotionType": "MixMatchPricePromotion",
                    "conditionLabel": "Spara 6,00 kr/st",
                    "rewardLabel": "47,90/st",
                    "textLabel": "",
                    "redeemLimitLabel": "",
                    "cartLabel": null,
                    "validUntil": null,
                    "timesUsed": null,
                    "qualifyingCount": 1,
                    "comparePrice": "684,29 kr",
                    "splashTitleText": "",
                    "realMixAndMatch": false,
                    "mainProductCode": "100058214_ST",
                    "conditionLabelFormatted": "",
                    "promotionRedeemLimit": null,
                    "promotionPercentage": null,
                    "cartLabelFormatted": "",
                    "priority": 408,
                    "code": "2500262520"
                }
            ],
            "inactivePotentialPromotions": [],
            "priceValue": 53.9,
            "price": "53,90 kr",
            "image": {
                "imageType": "PRIMARY",
                "format": "product",
                "url": "https://assets.axfood.se/image/upload/f_auto,t_200/07311310026806_C1N1_s02",
                "altText": null,
                "galleryIndex": null,
                "width": null
            },
            "ranking": 280.8915056885,
            "depositPrice": "",
            "averageWeight": null,
            "comparePrice": "770,00 kr",
            "comparePriceUnit": "kg",
            "isDrugProduct": false,
            "solrSearchScore": 0.6426547169685364,
            "energyDeclaration": null,
            "newsSplashProduct": false,
            "notAllowedB2b": false,
            "notAllowedAnonymous": false,
            "productLine2": "SANTA MARIA, 70g",
            "pickupProductLine2": "SANTA MARIA, 70g",
            "priceUnit": "kr/st",
            "priceNoUnit": "53,90",
            "savingsAmount": 6.0,
            "googleAnalyticsCategory": "",
            "gdprTrackingIncompliant": false,
            "tobaccoProduct": false,
            "showGoodPriceIcon": false,
            "nicotineMedicalProduct": false,
            "tobaccoFreeNicotineProduct": false,
            "nonEkoProduct": false,
            "precautionaryStatements": [],
            "hazards": [],
            "labels": [],
            "seoDescription": "",
            "seoTitle": "",
            "manufacturer": "Santa Maria",
            "incrementValue": 1.0,
            "productBasketType": {
                "code": "ST",
                "type": "ProductBasketTypeEnum"
            },
            "bargainProduct": false,
            "addToCartMessage": "",
            "thumbnail": {
                "imageType": "PRIMARY",
                "format": "thumbnail",
                "url": "https://assets.axfood.se/image/upload/f_auto,t_100/07311310026806_C1N1_s02",
                "altText": null,
                "galleryIndex": null,
                "width": null
            },
            "outOfStock": false,
            "online": true,
            "displayVolume": "70g",
            "addToCartDisabled": false,
            "name": "Black Pepper Tellicherry Kvarn",
            "code": "100058214_ST"
        },
        {
            "potentialPromotions": [
                {
                    "threshold": null,
                    "applied": false,
                    "campaignType": "GENERAL",
                    "offerStatus": null,
                    "productCodes": [
                        "101246462_ST",
                        "101279234_ST",
                        "101666927_ST",
                        "101175745_ST",
                        "101541978_ST",
                        "101550512_ST",
                        "101774086_ST",
                        "101283718_ST",
                        "101438409_ST",
                        "101216482_ST",
                        "101708260_ST",
                        "101776609_ST",
                        "101436836_ST",
                        "101595517_ST",
                        "101595518_ST",
                        "101595494_ST"
                    ],
                    "promotionTheme": {
                        "code": "Z062",
                        "visible": null
                    },
                    "lowestHistoricalPrice": null,
                    "textLabelGenerated": "",
                    "textLabelManual": null,
                    "price": {
                        "currencyIso": "SEK",
                        "value": 14.5,
                        "priceType": "BUY",
                        "formattedValue": "14,50 kr",
                        "minQuantity": null,
                        "maxQuantity": null
                    },
                    "promotionType": "MixMatchPricePromotion",
                    "conditionLabel": "Välj & blanda! 2 för",
                    "rewardLabel": "29,00 +pant",
                    "textLabel": "",
                    "redeemLimitLabel": "",
                    "cartLabel": null,
                    "validUntil": null,
                    "timesUsed": null,
                    "qualifyingCount": 2,
                    "comparePrice": "29,00 kr",
                    "splashTitleText": "",
                    "realMixAndMatch": true,
                    "mainProductCode": "101246462_ST",
                    "conditionLabelFormatted": "2 för",
                    "promotionRedeemLimit": null,
                    "promotionPercentage": null,
                    "cartLabelFormatted": "",
                    "priority": 408,
                    "code": "2500268950"
                }
            ],
            "inactivePotentialPromotions": [],
            "priceValue": 16.5,
            "price": "16,50 kr",
            "image": {
                "imageType": "PRIMARY",
                "format": "product",
                "url": "https://assets.axfood.se/image/upload/f_auto,t_200/05060335635716_C1N1_s02",
                "altText": null,
                "galleryIndex": null,
                "width": null
            },
            "ranking": 280.89098873746,
            "depositPrice": "1,00 kr",
            "averageWeight": null,
            "comparePrice": "33,00 kr",
            "comparePriceUnit": "l",
            "isDrugProduct": false,
            "solrSearchScore": 0.6426547169685364,
            "energyDeclaration": null,
            "newsSplashProduct": false,
            "notAllowedB2b": false,
            "notAllowedAnonymous": false,
            "productLine2": "MONSTER ENERGY, 50cl",
            "pickupProductLine2": "MONSTER ENERGY, 50cl",
            "priceUnit": "kr/st",
            "priceNoUnit": "16,50",
            "savingsAmount": 4.0,
            "googleAnalyticsCategory": "",
            "gdprTrackingIncompliant": false,
            "tobaccoProduct": false,
            "showGoodPriceIcon": false,
            "nicotineMedicalProduct": false,
            "tobaccoFreeNicotineProduct": false,
            "nonEkoProduct": false,
            "precautionaryStatements": [],
            "hazards": [],
            "labels": [
                "age_restricted_15"
            ],
            "seoDescription": "",
            "seoTitle": "",
            "manufacturer": "Monster Energy",
            "incrementValue": 1.0,
            "productBasketType": {
                "code": "ST",
                "type": "ProductBasketTypeEnum"
            },
            "bargainProduct": false,
            "addToCartMessage": "",
            "thumbnail": {
                "imageType": "PRIMARY",
                "format": "thumbnail",
                "url": "https://assets.axfood.se/image/upload/f_auto,t_100/05060335635716_C1N1_s02",
                "altText": null,
                "galleryIndex": null,
                "width": null
            },
            "outOfStock": false,
            "online": true,
            "displayVolume": "50cl",
            "addToCartDisabled": false,
            "name": "Ultra Zero Sugar Energidryck Burk",
            "code": "101246462_ST"
        },
        {
            "potentialPromotions": [
                {
                    "threshold": null,
                    "applied": false,
                    "campaignType": "GENERAL",
                    "offerStatus": null,
                    "productCodes": [
                        "100630658_ST",
                        "100370518_ST",
                        "100970013_ST",
                        "100630621_ST",
                        "100619298_ST",
                        "101288581_ST",
                        "101288535_ST"
                    ],
                    "promotionTheme": {
                        "code": "Z062",
                        "visible": null
                    },
                    "lowestHistoricalPrice": null,
                    "textLabelGenerated": "",
                    "textLabelManual": null,
                    "price": {
                        "currencyIso": "SEK",
                        "value": 33.0,
                        "priceType": "BUY",
                        "formattedValue": "33,00 kr",
                        "minQuantity": null,
                        "maxQuantity": null
                    },
                    "promotionType": "MixMatchPricePromotion",
                    "conditionLabel": "Välj & blanda! 3 för",
                    "rewardLabel": "99,00",
                    "textLabel": "",
                    "redeemLimitLabel": "",
                    "cartLabel": null,
                    "validUntil": null,
                    "timesUsed": null,
                    "qualifyingCount": 3,
                    "comparePrice": "66,00 kr",
                    "splashTitleText": "",
                    "realMixAndMatch": true,
                    "mainProductCode": "100630658_ST",
                    "conditionLabelFormatted": "3 för",
                    "promotionRedeemLimit": null,
                    "promotionPercentage": null,
                    "cartLabelFormatted": "",
                    "priority": 408,
                    "code": "2500262117"
                }
            ],
            "inactivePotentialPromotions": [],
            "priceValue": 38.9,
            "price": "38,90 kr",
            "image": {
                "imageType": "PRIMARY",
                "format": "product",
                "url": "https://assets.axfood.se/image/upload/f_auto,t_200/07313940580024_C1C1_s03",
                "altText": null,
                "galleryIndex": null,
                "width": null
            },
            "ranking": 280.89051027602,
            "depositPrice": "",
            "averageWeight": null,
            "comparePrice": "77,80 kr",
            "comparePriceUnit": "kg",
            "isDrugProduct": false,
            "solrSearchScore": 0.6426547169685364,
            "energyDeclaration": null,
            "newsSplashProduct": false,
            "notAllowedB2b": false,
            "notAllowedAnonymous": false,
            "productLine2": "GULDFÅGELN, 500g",
            "pickupProductLine2": "GULDFÅGELN, 500g",
            "priceUnit": "kr/st",
            "priceNoUnit": "38,90",
            "savingsAmount": 17.7,
            "googleAnalyticsCategory": "",
            "gdprTrackingIncompliant": false,
            "tobaccoProduct": false,
            "showGoodPriceIcon": false,
            "nicotineMedicalProduct": false,
            "tobaccoFreeNicotineProduct": false,
            "nonEkoProduct": false,
            "precautionaryStatements": [],
            "hazards": [],
            "labels": [
                "swedish_flag",
                "swedish_bird",
                "frozen"
            ],
            "seoDescription": "",
            "seoTitle": "",
            "manufacturer": "Guldfågeln",
            "incrementValue": 1.0,
            "productBasketType": {
                "code": "ST",
                "type": "ProductBasketTypeEnum"
            },
            "bargainProduct": false,
            "addToCartMessage": "",
            "thumbnail": {
                "imageType": "PRIMARY",
                "format": "thumbnail",
                "url": "https://assets.axfood.se/image/upload/f_auto,t_100/07313940580024_C1C1_s03",
                "altText": null,
                "galleryIndex": null,
                "width": null
            },
            "outOfStock": false,
            "online": true,
            "displayVolume": "500g",
            "addToCartDisabled": false,
            "name": "Chicken Kebab Fryst",
            "code": "100630658_ST"
        },
        {
            "potentialPromotions": [
                {
                    "threshold": null,
                    "applied": false,
                    "campaignType": "GENERAL",
                    "offerStatus": null,
                    "productCodes": [
                        "101201092_ST",
                        "101201101_ST",
                        "101543092_ST",
                        "101543091_ST"
                    ],
                    "promotionTheme": {
                        "code": "Z062",
                        "visible": null
                    },
                    "lowestHistoricalPrice": null,
                    "textLabelGenerated": "",
                    "textLabelManual": null,
                    "price": {
                        "currencyIso": "SEK",
                        "value": 20.0,
                        "priceType": "BUY",
                        "formattedValue": "20,00 kr",
                        "minQuantity": null,
                        "maxQuantity": null
                    },
                    "promotionType": "MixMatchPricePromotion",
                    "conditionLabel": "Välj & blanda! 2 för",
                    "rewardLabel": "40,00",
                    "textLabel": "",
                    "redeemLimitLabel": "",
                    "cartLabel": null,
                    "validUntil": null,
                    "timesUsed": null,
                    "qualifyingCount": 2,
                    "comparePrice": "117,65 kr",
                    "splashTitleText": "",
                    "realMixAndMatch": true,
                    "mainProductCode": "101201092_ST",
                    "conditionLabelFormatted": "2 för",
                    "promotionRedeemLimit": null,
                    "promotionPercentage": null,
                    "cartLabelFormatted": "",
                    "priority": 408,
                    "code": "2500269005"
                }
            ],
            "inactivePotentialPromotions": [],
            "priceValue": 27.9,
            "price": "27,90 kr",
            "image": {
                "imageType": "PRIMARY",
                "format": "product",
                "url": "https://assets.axfood.se/image/upload/f_auto,t_200/08710398162045_C1N1_s03",
                "altText": null,
                "galleryIndex": null,
                "width": null
            },
            "ranking": 280.88999266962,
            "depositPrice": "",
            "averageWeight": null,
            "comparePrice": "164,12 kr",
            "comparePriceUnit": "kg",
            "isDrugProduct": false,
            "solrSearchScore": 0.6426547169685364,
            "energyDeclaration": null,
            "newsSplashProduct": false,
            "notAllowedB2b": false,
            "notAllowedAnonymous": false,
            "productLine2": "DORITOS, 170g",
            "pickupProductLine2": "DORITOS, 170g",
            "priceUnit": "kr/st",
            "priceNoUnit": "27,90",
            "savingsAmount": 15.8,
            "googleAnalyticsCategory": "",
            "gdprTrackingIncompliant": false,
            "tobaccoProduct": false,
            "showGoodPriceIcon": false,
            "nicotineMedicalProduct": false,
            "tobaccoFreeNicotineProduct": false,
            "nonEkoProduct": false,
            "precautionaryStatements": [],
            "hazards": [],
            "labels": [],
            "seoDescription": "",
            "seoTitle": "",
            "manufacturer": "Doritos",
            "incrementValue": 1.0,
            "productBasketType": {
                "code": "ST",
                "type": "ProductBasketTypeEnum"
            },
            "bargainProduct": false,
            "addToCartMessage": "",
            "thumbnail": {
                "imageType": "PRIMARY",
                "format": "thumbnail",
                "url": "https://assets.axfood.se/image/upload/f_auto,t_100/08710398162045_C1N1_s03",
                "altText": null,
                "galleryIndex": null,
                "width": null
            },
            "outOfStock": false,
            "online": true,
            "displayVolume": "170g",
            "addToCartDisabled": false,
            "name": "Sweet Chili Pepper Flavour Chips",
            "code": "101201092_ST"
        },
        {
            "potentialPromotions": [
                {
                    "threshold": null,
                    "applied": false,
                    "campaignType": "GENERAL",
                    "offerStatus": null,
                    "productCodes": [
                        "100532210_ST",
                        "100532979_ST"
                    ],
                    "promotionTheme": {
                        "code": "Z062",
                        "visible": null
                    },
                    "lowestHistoricalPrice": null,
                    "textLabelGenerated": "",
                    "textLabelManual": null,
                    "price": {
                        "currencyIso": "SEK",
                        "value": 17.5,
                        "priceType": "BUY",
                        "formattedValue": "17,50 kr",
                        "minQuantity": null,
                        "maxQuantity": null
                    },
                    "promotionType": "MixMatchPricePromotion",
                    "conditionLabel": "Välj & blanda! 2 för",
                    "rewardLabel": "35,00",
                    "textLabel": "",
                    "redeemLimitLabel": "",
                    "cartLabel": null,
                    "validUntil": null,
                    "timesUsed": null,
                    "qualifyingCount": 2,
                    "comparePrice": "72,92 kr",
                    "splashTitleText": "",
                    "realMixAndMatch": true,
                    "mainProductCode": "100532210_ST",
                    "conditionLabelFormatted": "2 för",
                    "promotionRedeemLimit": null,
                    "promotionPercentage": null,
                    "cartLabelFormatted": "",
                    "priority": 408,
                    "code": "2500262531"
                }
            ],
            "inactivePotentialPromotions": [],
            "priceValue": 19.9,
            "price": "19,90 kr",
            "image": {
                "imageType": "PRIMARY",
                "format": "product",
                "url": "https://assets.axfood.se/image/upload/f_auto,t_200/07310240050189_C1N1_s03",
                "altText": null,
                "galleryIndex": null,
                "width": null
            },
            "ranking": 280.88950830994,
            "depositPrice": "",
            "averageWeight": null,
            "comparePrice": "82,92 kr",
            "comparePriceUnit": "kg",
            "isDrugProduct": false,
            "solrSearchScore": 0.6426547169685364,
            "energyDeclaration": null,
            "newsSplashProduct": false,
            "notAllowedB2b": false,
            "notAllowedAnonymous": false,
            "productLine2": "FELIX, 370/240g",
            "pickupProductLine2": "FELIX, 370/240g",
            "priceUnit": "kr/st",
            "priceNoUnit": "19,90",
            "savingsAmount": 4.8,
            "googleAnalyticsCategory": "",
            "gdprTrackingIncompliant": false,
            "tobaccoProduct": false,
            "showGoodPriceIcon": false,
            "nicotineMedicalProduct": false,
            "tobaccoFreeNicotineProduct": false,
            "nonEkoProduct": false,
            "precautionaryStatements": [],
            "hazards": [],
            "labels": [],
            "seoDescription": "",
            "seoTitle": "",
            "manufacturer": "Felix",
            "incrementValue": 1.0,
            "productBasketType": {
                "code": "ST",
                "type": "ProductBasketTypeEnum"
            },
            "bargainProduct": false,
            "addToCartMessage": "",
            "thumbnail": {
                "imageType": "PRIMARY",
                "format": "thumbnail",
                "url": "https://assets.axfood.se/image/upload/f_auto,t_100/07310240050189_C1N1_s03",
                "altText": null,
                "galleryIndex": null,
                "width": null
            },
            "outOfStock": false,
            "online": true,
            "displayVolume": "370/240g",
            "addToCartDisabled": false,
            "name": "Smörgåsgurka Skivad",
            "code": "100532210_ST"
        },
        {
            "potentialPromotions": [
                {
                    "threshold": null,
                    "applied": false,
                    "campaignType": "GENERAL",
                    "offerStatus": null,
                    "productCodes": [
                        "101255014_ST",
                        "101202306_ST",
                        "101202325_ST",
                        "101255015_ST",
                        "101505791_ST",
                        "101282139_ST",
                        "101440802_ST",
                        "101357027_ST"
                    ],
                    "promotionTheme": {
                        "code": "Z062",
                        "visible": null
                    },
                    "lowestHistoricalPrice": {
                        "currencyIso": "SEK",
                        "value": 84.9,
                        "priceType": "BUY",
                        "formattedValue": "84,90 kr",
                        "minQuantity": null,
                        "maxQuantity": null
                    },
                    "textLabelGenerated": "",
                    "textLabelManual": null,
                    "price": {
                        "currencyIso": "SEK",
                        "value": 74.9,
                        "priceType": "BUY",
                        "formattedValue": "74,90 kr",
                        "minQuantity": null,
                        "maxQuantity": null
                    },
                    "promotionType": "MixMatchPricePromotion",
                    "conditionLabel": "Spara 10,00 kr/st",
                    "rewardLabel": "74,90/st",
                    "textLabel": "",
                    "redeemLimitLabel": "",
                    "cartLabel": null,
                    "validUntil": null,
                    "timesUsed": null,
                    "qualifyingCount": 1,
                    "comparePrice": "187,25 kr",
                    "splashTitleText": "",
                    "realMixAndMatch": false,
                    "mainProductCode": "101255014_ST",
                    "conditionLabelFormatted": "",
                    "promotionRedeemLimit": null,
                    "promotionPercentage": null,
                    "cartLabelFormatted": "",
                    "priority": 408,
                    "code": "2500269975"
                }
            ],
            "inactivePotentialPromotions": [],
            "priceValue": 84.9,
            "price": "84,90 kr",
            "image": {
                "imageType": "PRIMARY",
                "format": "product",
                "url": "https://assets.axfood.se/image/upload/f_auto,t_200/07310050012278_C1L1_s03",
                "altText": null,
                "galleryIndex": null,
                "width": null
            },
            "ranking": 280.88899496338,
            "depositPrice": "",
            "averageWeight": null,
            "comparePrice": "212,25 kr",
            "comparePriceUnit": "kg",
            "isDrugProduct": false,
            "solrSearchScore": 0.6426547169685364,
            "energyDeclaration": null,
            "newsSplashProduct": false,
            "notAllowedB2b": false,
            "notAllowedAnonymous": false,
            "productLine2": "LÖFBERGS, 400g",
            "pickupProductLine2": "LÖFBERGS, 400g",
            "priceUnit": "kr/st",
            "priceNoUnit": "84,90",
            "savingsAmount": 10.0,
            "googleAnalyticsCategory": "",
            "gdprTrackingIncompliant": false,
            "tobaccoProduct": false,
            "showGoodPriceIcon": false,
            "nicotineMedicalProduct": false,
            "tobaccoFreeNicotineProduct": false,
            "nonEkoProduct": false,
            "precautionaryStatements": [],
            "hazards": [],
            "labels": [
                "ecological",
                "eu_ecological"
            ],
            "seoDescription": "",
            "seoTitle": "",
            "manufacturer": "Löfbergs",
            "incrementValue": 1.0,
            "productBasketType": {
                "code": "ST",
                "type": "ProductBasketTypeEnum"
            },
            "bargainProduct": false,
            "addToCartMessage": "",
            "thumbnail": {
                "imageType": "PRIMARY",
                "format": "thumbnail",
                "url": "https://assets.axfood.se/image/upload/f_auto,t_100/07310050012278_C1L1_s03",
                "altText": null,
                "galleryIndex": null,
                "width": null
            },
            "outOfStock": false,
            "online": true,
            "displayVolume": "400g",
            "addToCartDisabled": false,
            "name": "Medium Roast Hela Bönor",
            "code": "101255014_ST"
        },
        {
            "potentialPromotions": [
                {
                    "threshold": null,
                    "applied": false,
                    "campaignType": "GENERAL",
                    "offerStatus": null,
                    "productCodes": [
                        "100671140_ST",
                        "100671122_ST",
                        "100671159_ST",
                        "100834304_ST",
                        "101295650_ST",
                        "101456840_ST",
                        "100671293_ST",
                        "101255229_ST"
                    ],
                    "promotionTheme": {
                        "code": "Z062",
                        "visible": null
                    },
                    "lowestHistoricalPrice": {
                        "currencyIso": "SEK",
                        "value": 31.9,
                        "priceType": "BUY",
                        "formattedValue": "31,90 kr",
                        "minQuantity": null,
                        "maxQuantity": null
                    },
                    "textLabelGenerated": "",
                    "textLabelManual": null,
                    "price": {
                        "currencyIso": "SEK",
                        "value": 26.9,
                        "priceType": "BUY",
                        "formattedValue": "26,90 kr",
                        "minQuantity": null,
                        "maxQuantity": null
                    },
                    "promotionType": "MixMatchPricePromotion",
                    "conditionLabel": "Spara 5,00 kr/st",
                    "rewardLabel": "26,90/st",
                    "textLabel": "",
                    "redeemLimitLabel": "",
                    "cartLabel": null,
                    "validUntil": null,
                    "timesUsed": null,
                    "qualifyingCount": 1,
                    "comparePrice": "94,72 kr",
                    "splashTitleText": "",
                    "realMixAndMatch": false,
                    "mainProductCode": "100671140_ST",
                    "conditionLabelFormatted": "",
                    "promotionRedeemLimit": null,
                    "promotionPercentage": null,
                    "cartLabelFormatted": "",
                    "priority": 408,
                    "code": "2500262529"
                }
            ],
            "inactivePotentialPromotions": [],
            "priceValue": 31.9,
            "price": "31,90 kr",
            "image": {
                "imageType": "PRIMARY",
                "format": "product",
                "url": "https://assets.axfood.se/image/upload/f_auto,t_200/03492390003698_C1N1_s01",
                "altText": null,
                "galleryIndex": null,
                "width": null
            },
            "ranking": 280.88850765458,
            "depositPrice": "",
            "averageWeight": null,
            "comparePrice": "112,32 kr",
            "comparePriceUnit": "kg",
            "isDrugProduct": false,
            "solrSearchScore": 0.6426547169685364,
            "energyDeclaration": null,
            "newsSplashProduct": false,
            "notAllowedB2b": false,
            "notAllowedAnonymous": false,
            "productLine2": "ST DALFOUR, 284g",
            "pickupProductLine2": "ST DALFOUR, 284g",
            "priceUnit": "kr/st",
            "priceNoUnit": "31,90",
            "savingsAmount": 5.0,
            "googleAnalyticsCategory": "",
            "gdprTrackingIncompliant": false,
            "tobaccoProduct": false,
            "showGoodPriceIcon": false,
            "nicotineMedicalProduct": false,
            "tobaccoFreeNicotineProduct": false,
            "nonEkoProduct": false,
            "precautionaryStatements": [],
            "hazards": [],
            "labels": [],
            "seoDescription": "",
            "seoTitle": "",
            "manufacturer": "St Dalfour",
            "incrementValue": 1.0,
            "productBasketType": {
                "code": "ST",
                "type": "ProductBasketTypeEnum"
            },
            "bargainProduct": false,
            "addToCartMessage": "",
            "thumbnail": {
                "imageType": "PRIMARY",
                "format": "thumbnail",
                "url": "https://assets.axfood.se/image/upload/f_auto,t_100/03492390003698_C1N1_s01",
                "altText": null,
                "galleryIndex": null,
                "width": null
            },
            "outOfStock": false,
            "online": true,
            "displayVolume": "284g",
            "addToCartDisabled": false,
            "name": "Royal Fikon Marmelad",
            "code": "100671140_ST"
        },
        {
            "potentialPromotions": [
                {
                    "threshold": null,
                    "applied": false,
                    "campaignType": "GENERAL",
                    "offerStatus": null,
                    "productCodes": [
                        "101240861_ST"
                    ],
                    "promotionTheme": {
                        "code": "Z062",
                        "visible": null
                    },
                    "lowestHistoricalPrice": {
                        "currencyIso": "SEK",
                        "value": 21.9,
                        "priceType": "BUY",
                        "formattedValue": "21,90 kr",
                        "minQuantity": null,
                        "maxQuantity": null
                    },
                    "textLabelGenerated": "",
                    "textLabelManual": null,
                    "price": {
                        "currencyIso": "SEK",
                        "value": 19.9,
                        "priceType": "BUY",
                        "formattedValue": "19,90 kr",
                        "minQuantity": null,
                        "maxQuantity": null
                    },
                    "promotionType": "MixMatchPricePromotion",
                    "conditionLabel": "Spara 2,00 kr/st",
                    "rewardLabel": "19,90/st",
                    "textLabel": "",
                    "redeemLimitLabel": "",
                    "cartLabel": null,
                    "validUntil": null,
                    "timesUsed": null,
                    "qualifyingCount": 1,
                    "comparePrice": "0,40 kr",
                    "splashTitleText": "",
                    "realMixAndMatch": false,
                    "mainProductCode": "101240861_ST",
                    "conditionLabelFormatted": "",
                    "promotionRedeemLimit": null,
                    "promotionPercentage": null,
                    "cartLabelFormatted": "",
                    "priority": 408,
                    "code": "2500269049"
                }
            ],
            "inactivePotentialPromotions": [],
            "priceValue": 21.9,
            "price": "21,90 kr",
            "image": {
                "imageType": "PRIMARY",
                "format": "product",
                "url": "https://assets.axfood.se/image/upload/f_auto,t_200/04008871210838_S01",
                "altText": null,
                "galleryIndex": null,
                "width": null
            },
            "ranking": 280.8879880821,
            "depositPrice": "",
            "averageWeight": null,
            "comparePrice": "0,44 kr",
            "comparePriceUnit": "m",
            "isDrugProduct": false,
            "solrSearchScore": 0.6426547169685364,
            "energyDeclaration": null,
            "newsSplashProduct": false,
            "notAllowedB2b": false,
            "notAllowedAnonymous": false,
            "productLine2": "TOPPITS, 50m",
            "pickupProductLine2": "TOPPITS, 50m",
            "priceUnit": "kr/st",
            "priceNoUnit": "21,90",
            "savingsAmount": 2.0,
            "googleAnalyticsCategory": "",
            "gdprTrackingIncompliant": false,
            "tobaccoProduct": false,
            "showGoodPriceIcon": false,
            "nicotineMedicalProduct": false,
            "tobaccoFreeNicotineProduct": false,
            "nonEkoProduct": false,
            "precautionaryStatements": [],
            "hazards": [],
            "labels": [],
            "seoDescription": "",
            "seoTitle": "",
            "manufacturer": "Toppits",
            "incrementValue": 1.0,
            "productBasketType": {
                "code": "ST",
                "type": "ProductBasketTypeEnum"
            },
            "bargainProduct": false,
            "addToCartMessage": "",
            "thumbnail": {
                "imageType": "PRIMARY",
                "format": "thumbnail",
                "url": "https://assets.axfood.se/image/upload/f_auto,t_100/04008871210838_S01",
                "altText": null,
                "galleryIndex": null,
                "width": null
            },
            "outOfStock": false,
            "online": true,
            "displayVolume": "50m",
            "addToCartDisabled": false,
            "name": "Plastfolie 50m",
            "code": "101240861_ST"
        },
        {
            "potentialPromotions": [
                {
                    "threshold": null,
                    "applied": false,
                    "campaignType": "GENERAL",
                    "offerStatus": null,
                    "productCodes": [
                        "101173691_ST"
                    ],
                    "promotionTheme": {
                        "code": "Z062",
                        "visible": null
                    },
                    "lowestHistoricalPrice": {
                        "currencyIso": "SEK",
                        "value": 84.9,
                        "priceType": "BUY",
                        "formattedValue": "84,90 kr",
                        "minQuantity": null,
                        "maxQuantity": null
                    },
                    "textLabelGenerated": "",
                    "textLabelManual": null,
                    "price": {
                        "currencyIso": "SEK",
                        "value": 73.9,
                        "priceType": "BUY",
                        "formattedValue": "73,90 kr",
                        "minQuantity": null,
                        "maxQuantity": null
                    },
                    "promotionType": "MixMatchPricePromotion",
                    "conditionLabel": "Spara 11,00 kr/st",
                    "rewardLabel": "73,90/st",
                    "textLabel": "",
                    "redeemLimitLabel": "",
                    "cartLabel": null,
                    "validUntil": null,
                    "timesUsed": null,
                    "qualifyingCount": 1,
                    "comparePrice": "52,79 kr",
                    "splashTitleText": "",
                    "realMixAndMatch": false,
                    "mainProductCode": "101173691_ST",
                    "conditionLabelFormatted": "",
                    "promotionRedeemLimit": null,
                    "promotionPercentage": null,
                    "cartLabelFormatted": "",
                    "priority": 408,
                    "code": "2500262126"
                }
            ],
            "inactivePotentialPromotions": [],
            "priceValue": 84.9,
            "price": "84,90 kr",
            "image": {
                "imageType": "PRIMARY",
                "format": "product",
                "url": "https://assets.axfood.se/image/upload/f_auto,t_200/07310960608318_C1R1_s04",
                "altText": null,
                "galleryIndex": null,
                "width": null
            },
            "ranking": 280.88750011794,
            "depositPrice": "",
            "averageWeight": null,
            "comparePrice": "60,64 kr",
            "comparePriceUnit": "kg",
            "isDrugProduct": false,
            "solrSearchScore": 0.6426547169685364,
            "energyDeclaration": null,
            "newsSplashProduct": false,
            "notAllowedB2b": false,
            "notAllowedAnonymous": false,
            "productLine2": "DAFGÅRDS, 1,4kg",
            "pickupProductLine2": "DAFGÅRDS, 1,4kg",
            "priceUnit": "kr/st",
            "priceNoUnit": "84,90",
            "savingsAmount": 11.0,
            "googleAnalyticsCategory": "",
            "gdprTrackingIncompliant": false,
            "tobaccoProduct": false,
            "showGoodPriceIcon": false,
            "nicotineMedicalProduct": false,
            "tobaccoFreeNicotineProduct": false,
            "nonEkoProduct": false,
            "precautionaryStatements": [],
            "hazards": [],
            "labels": [
                "frozen"
            ],
            "seoDescription": "",
            "seoTitle": "",
            "manufacturer": "Dafgårds",
            "incrementValue": 1.0,
            "productBasketType": {
                "code": "ST",
                "type": "ProductBasketTypeEnum"
            },
            "bargainProduct": false,
            "addToCartMessage": "",
            "thumbnail": {
                "imageType": "PRIMARY",
                "format": "thumbnail",
                "url": "https://assets.axfood.se/image/upload/f_auto,t_100/07310960608318_C1R1_s04",
                "altText": null,
                "galleryIndex": null,
                "width": null
            },
            "outOfStock": false,
            "online": true,
            "displayVolume": "1,4kg",
            "addToCartDisabled": false,
            "name": "Karins Familjelasagne Fryst",
            "code": "101173691_ST"
        },
        {
            "potentialPromotions": [
                {
                    "threshold": null,
                    "applied": false,
                    "campaignType": "GENERAL",
                    "offerStatus": null,
                    "productCodes": [
                        "101250421_ST",
                        "101250307_ST",
                        "101250377_ST",
                        "101250413_ST",
                        "101250422_ST",
                        "101250420_ST",
                        "101250411_ST"
                    ],
                    "promotionTheme": {
                        "code": "Z062",
                        "visible": null
                    },
                    "lowestHistoricalPrice": null,
                    "textLabelGenerated": "",
                    "textLabelManual": null,
                    "price": {
                        "currencyIso": "SEK",
                        "value": 12.666666666666666,
                        "priceType": "BUY",
                        "formattedValue": "12,67 kr",
                        "minQuantity": null,
                        "maxQuantity": null
                    },
                    "promotionType": "MixMatchPricePromotion",
                    "conditionLabel": "Välj & blanda! 3 för",
                    "rewardLabel": "38,00",
                    "textLabel": "",
                    "redeemLimitLabel": "",
                    "cartLabel": null,
                    "validUntil": null,
                    "timesUsed": null,
                    "qualifyingCount": 3,
                    "comparePrice": "34,23 kr",
                    "splashTitleText": "",
                    "realMixAndMatch": true,
                    "mainProductCode": "101250421_ST",
                    "conditionLabelFormatted": "3 för",
                    "promotionRedeemLimit": null,
                    "promotionPercentage": null,
                    "cartLabelFormatted": "",
                    "priority": 408,
                    "code": "2500269044"
                }
            ],
            "inactivePotentialPromotions": [],
            "priceValue": 14.9,
            "price": "14,90 kr",
            "image": {
                "imageType": "PRIMARY",
                "format": "product",
                "url": "https://assets.axfood.se/image/upload/f_auto,t_200/07300330038432_C1L1_s01",
                "altText": null,
                "galleryIndex": null,
                "width": null
            },
            "ranking": 280.88699430802,
            "depositPrice": "",
            "averageWeight": null,
            "comparePrice": "40,27 kr",
            "comparePriceUnit": "kg",
            "isDrugProduct": false,
            "solrSearchScore": 0.6426547169685364,
            "energyDeclaration": null,
            "newsSplashProduct": false,
            "notAllowedB2b": false,
            "notAllowedAnonymous": false,
            "productLine2": "MJAU, 370g",
            "pickupProductLine2": "MJAU, 370g",
            "priceUnit": "kr/st",
            "priceNoUnit": "14,90",
            "savingsAmount": 6.700000000000002,
            "googleAnalyticsCategory": "",
            "gdprTrackingIncompliant": false,
            "tobaccoProduct": false,
            "showGoodPriceIcon": false,
            "nicotineMedicalProduct": false,
            "tobaccoFreeNicotineProduct": false,
            "nonEkoProduct": false,
            "precautionaryStatements": [],
            "hazards": [],
            "labels": [],
            "seoDescription": "",
            "seoTitle": "",
            "manufacturer": "Mjau",
            "incrementValue": 1.0,
            "productBasketType": {
                "code": "ST",
                "type": "ProductBasketTypeEnum"
            },
            "bargainProduct": false,
            "addToCartMessage": "",
            "thumbnail": {
                "imageType": "PRIMARY",
                "format": "thumbnail",
                "url": "https://assets.axfood.se/image/upload/f_auto,t_100/07300330038432_C1L1_s01",
                "altText": null,
                "galleryIndex": null,
                "width": null
            },
            "outOfStock": false,
            "online": true,
            "displayVolume": "370g",
            "addToCartDisabled": false,
            "name": "Lax Bitar i Sås Kattmat Våt",
            "code": "101250421_ST"
        },
        {
            "potentialPromotions": [
                {
                    "threshold": null,
                    "applied": false,
                    "campaignType": "GENERAL",
                    "offerStatus": null,
                    "productCodes": [
                        "101181000_ST",
                        "101802346_ST",
                        "101802347_ST"
                    ],
                    "promotionTheme": {
                        "code": "Z062",
                        "visible": null
                    },
                    "lowestHistoricalPrice": null,
                    "textLabelGenerated": "",
                    "textLabelManual": null,
                    "price": {
                        "currencyIso": "SEK",
                        "value": 11.0,
                        "priceType": "BUY",
                        "formattedValue": "11,00 kr",
                        "minQuantity": null,
                        "maxQuantity": null
                    },
                    "promotionType": "MixMatchPricePromotion",
                    "conditionLabel": "Välj & blanda! 2 för",
                    "rewardLabel": "22,00",
                    "textLabel": "",
                    "redeemLimitLabel": "",
                    "cartLabel": null,
                    "validUntil": null,
                    "timesUsed": null,
                    "qualifyingCount": 2,
                    "comparePrice": "220,00 kr",
                    "splashTitleText": "",
                    "realMixAndMatch": true,
                    "mainProductCode": "101181000_ST",
                    "conditionLabelFormatted": "2 för",
                    "promotionRedeemLimit": null,
                    "promotionPercentage": null,
                    "cartLabelFormatted": "",
                    "priority": 408,
                    "code": "2500262517"
                }
            ],
            "inactivePotentialPromotions": [],
            "priceValue": 15.5,
            "price": "15,50 kr",
            "image": {
                "imageType": "PRIMARY",
                "format": "product",
                "url": "https://assets.axfood.se/image/upload/f_auto,t_200/08712566077335_C1N1_s03",
                "altText": null,
                "galleryIndex": null,
                "width": null
            },
            "ranking": 280.88650699922,
            "depositPrice": "",
            "averageWeight": null,
            "comparePrice": "310,00 kr",
            "comparePriceUnit": "kg",
            "isDrugProduct": false,
            "solrSearchScore": 0.6426547169685364,
            "energyDeclaration": null,
            "newsSplashProduct": false,
            "notAllowedB2b": false,
            "notAllowedAnonymous": false,
            "productLine2": "KNORR, 50g",
            "pickupProductLine2": "KNORR, 50g",
            "priceUnit": "kr/st",
            "priceNoUnit": "15,50",
            "savingsAmount": 9.0,
            "googleAnalyticsCategory": "",
            "gdprTrackingIncompliant": false,
            "tobaccoProduct": false,
            "showGoodPriceIcon": false,
            "nicotineMedicalProduct": false,
            "tobaccoFreeNicotineProduct": false,
            "nonEkoProduct": false,
            "precautionaryStatements": [],
            "hazards": [],
            "labels": [],
            "seoDescription": "",
            "seoTitle": "",
            "manufacturer": "Knorr",
            "incrementValue": 1.0,
            "productBasketType": {
                "code": "ST",
                "type": "ProductBasketTypeEnum"
            },
            "bargainProduct": false,
            "addToCartMessage": "",
            "thumbnail": {
                "imageType": "PRIMARY",
                "format": "thumbnail",
                "url": "https://assets.axfood.se/image/upload/f_auto,t_100/08712566077335_C1N1_s03",
                "altText": null,
                "galleryIndex": null,
                "width": null
            },
            "outOfStock": false,
            "online": true,
            "displayVolume": "50g",
            "addToCartDisabled": false,
            "name": "Korvstroganoff Kryddmix 4port",
            "code": "101181000_ST"
        },
        {
            "potentialPromotions": [
                {
                    "threshold": null,
                    "applied": false,
                    "campaignType": "GENERAL",
                    "offerStatus": null,
                    "productCodes": [
                        "101279076_ST",
                        "101279081_ST"
                    ],
                    "promotionTheme": {
                        "code": "Z062",
                        "visible": null
                    },
                    "lowestHistoricalPrice": null,
                    "textLabelGenerated": "",
                    "textLabelManual": null,
                    "price": {
                        "currencyIso": "SEK",
                        "value": 29.5,
                        "priceType": "BUY",
                        "formattedValue": "29,50 kr",
                        "minQuantity": null,
                        "maxQuantity": null
                    },
                    "promotionType": "MixMatchPricePromotion",
                    "conditionLabel": "Välj & blanda! 2 för",
                    "rewardLabel": "59,00",
                    "textLabel": "",
                    "redeemLimitLabel": "",
                    "cartLabel": null,
                    "validUntil": null,
                    "timesUsed": null,
                    "qualifyingCount": 2,
                    "comparePrice": "295,00 kr",
                    "splashTitleText": "",
                    "realMixAndMatch": true,
                    "mainProductCode": "101279076_ST",
                    "conditionLabelFormatted": "2 för",
                    "promotionRedeemLimit": null,
                    "promotionPercentage": null,
                    "cartLabelFormatted": "",
                    "priority": 408,
                    "code": "2500269068"
                }
            ],
            "inactivePotentialPromotions": [],
            "priceValue": 33.9,
            "price": "33,90 kr",
            "image": {
                "imageType": "PRIMARY",
                "format": "product",
                "url": "https://assets.axfood.se/image/upload/f_auto,t_200/06430056887555_C1N1_s02",
                "altText": null,
                "galleryIndex": null,
                "width": null
            },
            "ranking": 280.8859962741,
            "depositPrice": "",
            "averageWeight": null,
            "comparePrice": "339,00 kr",
            "comparePriceUnit": "kg",
            "isDrugProduct": false,
            "solrSearchScore": 0.6426547169685364,
            "energyDeclaration": null,
            "newsSplashProduct": false,
            "notAllowedB2b": false,
            "notAllowedAnonymous": false,
            "productLine2": "PRIMADOG, 100g",
            "pickupProductLine2": "PRIMADOG, 100g",
            "priceUnit": "kr/st",
            "priceNoUnit": "33,90",
            "savingsAmount": 8.8,
            "googleAnalyticsCategory": "",
            "gdprTrackingIncompliant": false,
            "tobaccoProduct": false,
            "showGoodPriceIcon": false,
            "nicotineMedicalProduct": false,
            "tobaccoFreeNicotineProduct": false,
            "nonEkoProduct": false,
            "precautionaryStatements": [],
            "hazards": [],
            "labels": [],
            "seoDescription": "",
            "seoTitle": "",
            "manufacturer": "Primadog",
            "incrementValue": 1.0,
            "productBasketType": {
                "code": "ST",
                "type": "ProductBasketTypeEnum"
            },
            "bargainProduct": false,
            "addToCartMessage": "",
            "thumbnail": {
                "imageType": "PRIMARY",
                "format": "thumbnail",
                "url": "https://assets.axfood.se/image/upload/f_auto,t_100/06430056887555_C1N1_s02",
                "altText": null,
                "galleryIndex": null,
                "width": null
            },
            "outOfStock": false,
            "online": true,
            "displayVolume": "100g",
            "addToCartDisabled": false,
            "name": "Twisted Stick Duck Tuggpinnar Hundgodis 11-pack",
            "code": "101279076_ST"
        },
        {
            "potentialPromotions": [
                {
                    "threshold": null,
                    "applied": false,
                    "campaignType": "GENERAL",
                    "offerStatus": null,
                    "productCodes": [
                        "101283040_ST"
                    ],
                    "promotionTheme": {
                        "code": "Z062",
                        "visible": null
                    },
                    "lowestHistoricalPrice": {
                        "currencyIso": "SEK",
                        "value": 38.9,
                        "priceType": "BUY",
                        "formattedValue": "38,90 kr",
                        "minQuantity": null,
                        "maxQuantity": null
                    },
                    "textLabelGenerated": "",
                    "textLabelManual": null,
                    "price": {
                        "currencyIso": "SEK",
                        "value": 29.9,
                        "priceType": "BUY",
                        "formattedValue": "29,90 kr",
                        "minQuantity": null,
                        "maxQuantity": null
                    },
                    "promotionType": "MixMatchPricePromotion",
                    "conditionLabel": "Spara 9,00 kr/st",
                    "rewardLabel": "29,90/st",
                    "textLabel": "",
                    "redeemLimitLabel": "",
                    "cartLabel": null,
                    "validUntil": null,
                    "timesUsed": null,
                    "qualifyingCount": 1,
                    "comparePrice": "142,38 kr",
                    "splashTitleText": "",
                    "realMixAndMatch": false,
                    "mainProductCode": "101283040_ST",
                    "conditionLabelFormatted": "",
                    "promotionRedeemLimit": null,
                    "promotionPercentage": null,
                    "cartLabelFormatted": "",
                    "priority": 408,
                    "code": "2500269123"
                }
            ],
            "inactivePotentialPromotions": [],
            "priceValue": 38.9,
            "price": "38,90 kr",
            "image": {
                "imageType": "PRIMARY",
                "format": "product",
                "url": "https://assets.axfood.se/image/upload/f_auto,t_200/04008400221021_C1L1_s01",
                "altText": null,
                "galleryIndex": null,
                "width": null
            },
            "ranking": 280.88499529106,
            "depositPrice": "",
            "averageWeight": null,
            "comparePrice": "185,24 kr",
            "comparePriceUnit": "kg",
            "isDrugProduct": false,
            "solrSearchScore": 0.6426547169685364,
            "energyDeclaration": null,
            "newsSplashProduct": false,
            "notAllowedB2b": false,
            "notAllowedAnonymous": false,
            "productLine2": "KINDER, 210g",
            "pickupProductLine2": "KINDER, 210g",
            "priceUnit": "kr/st",
            "priceNoUnit": "38,90",
            "savingsAmount": 9.0,
            "googleAnalyticsCategory": "",
            "gdprTrackingIncompliant": false,
            "tobaccoProduct": false,
            "showGoodPriceIcon": false,
            "nicotineMedicalProduct": false,
            "tobaccoFreeNicotineProduct": false,
            "nonEkoProduct": false,
            "precautionaryStatements": [],
            "hazards": [],
            "labels": [],
            "seoDescription": "",
            "seoTitle": "",
            "manufacturer": "Kinder",
            "incrementValue": 1.0,
            "productBasketType": {
                "code": "ST",
                "type": "ProductBasketTypeEnum"
            },
            "bargainProduct": false,
            "addToCartMessage": "",
            "thumbnail": {
                "imageType": "PRIMARY",
                "format": "thumbnail",
                "url": "https://assets.axfood.se/image/upload/f_auto,t_100/04008400221021_C1L1_s01",
                "altText": null,
                "galleryIndex": null,
                "width": null
            },
            "outOfStock": false,
            "online": true,
            "displayVolume": "210g",
            "addToCartDisabled": false,
            "name": "Kinder Maxi 10-pack",
            "code": "101283040_ST"
        },
        {
            "potentialPromotions": [
                {
                    "threshold": null,
                    "applied": false,
                    "campaignType": "GENERAL",
                    "offerStatus": null,
                    "productCodes": [
                        "101492628_ST",
                        "101542827_ST",
                        "101708195_ST",
                        "101208665_ST",
                        "101797423_ST",
                        "101550287_ST",
                        "101666910_ST",
                        "101286972_ST",
                        "101599201_ST",
                        "101542826_ST",
                        "101797424_ST"
                    ],
                    "promotionTheme": {
                        "code": "Z062",
                        "visible": null
                    },
                    "lowestHistoricalPrice": null,
                    "textLabelGenerated": "",
                    "textLabelManual": null,
                    "price": {
                        "currencyIso": "SEK",
                        "value": 15.0,
                        "priceType": "BUY",
                        "formattedValue": "15,00 kr",
                        "minQuantity": null,
                        "maxQuantity": null
                    },
                    "promotionType": "MixMatchPricePromotion",
                    "conditionLabel": "Välj & blanda! 2 för",
                    "rewardLabel": "30,00 +pant",
                    "textLabel": "",
                    "redeemLimitLabel": "",
                    "cartLabel": null,
                    "validUntil": null,
                    "timesUsed": null,
                    "qualifyingCount": 2,
                    "comparePrice": "42,25 kr",
                    "splashTitleText": "",
                    "realMixAndMatch": true,
                    "mainProductCode": "101492628_ST",
                    "conditionLabelFormatted": "2 för",
                    "promotionRedeemLimit": null,
                    "promotionPercentage": null,
                    "cartLabelFormatted": "",
                    "priority": 408,
                    "code": "2500262138"
                }
            ],
            "inactivePotentialPromotions": [],
            "priceValue": 17.9,
            "price": "17,90 kr",
            "image": {
                "imageType": "PRIMARY",
                "format": "product",
                "url": "https://assets.axfood.se/image/upload/f_auto,t_200/07350058335597_C1C1_s01",
                "altText": null,
                "galleryIndex": null,
                "width": null
            },
            "ranking": 280.8845024117,
            "depositPrice": "1,00 kr",
            "averageWeight": null,
            "comparePrice": "50,42 kr",
            "comparePriceUnit": "l",
            "isDrugProduct": false,
            "solrSearchScore": 0.6426547169685364,
            "energyDeclaration": null,
            "newsSplashProduct": false,
            "notAllowedB2b": false,
            "notAllowedAnonymous": false,
            "productLine2": "CELSIUS, 35,5cl",
            "pickupProductLine2": "CELSIUS, 35,5cl",
            "priceUnit": "kr/st",
            "priceNoUnit": "17,90",
            "savingsAmount": 5.8,
            "googleAnalyticsCategory": "",
            "gdprTrackingIncompliant": false,
            "tobaccoProduct": false,
            "showGoodPriceIcon": false,
            "nicotineMedicalProduct": false,
            "tobaccoFreeNicotineProduct": false,
            "nonEkoProduct": false,
            "precautionaryStatements": [],
            "hazards": [],
            "labels": [
                "age_restricted_15"
            ],
            "seoDescription": "",
            "seoTitle": "",
            "manufacturer": "Celsius",
            "incrementValue": 1.0,
            "productBasketType": {
                "code": "ST",
                "type": "ProductBasketTypeEnum"
            },
            "bargainProduct": false,
            "addToCartMessage": "",
            "thumbnail": {
                "imageType": "PRIMARY",
                "format": "thumbnail",
                "url": "https://assets.axfood.se/image/upload/f_auto,t_100/07350058335597_C1C1_s01",
                "altText": null,
                "galleryIndex": null,
                "width": null
            },
            "outOfStock": false,
            "online": true,
            "displayVolume": "35,5cl",
            "addToCartDisabled": false,
            "name": "Strawberry Lemonade Energidryck, Burk",
            "code": "101492628_ST"
        },
        {
            "potentialPromotions": [
                {
                    "threshold": null,
                    "applied": false,
                    "campaignType": "GENERAL",
                    "offerStatus": null,
                    "productCodes": [
                        "101290937_ST",
                        "101290931_ST",
                        "101290924_ST",
                        "101290930_ST"
                    ],
                    "promotionTheme": {
                        "code": "Z062",
                        "visible": null
                    },
                    "lowestHistoricalPrice": {
                        "currencyIso": "SEK",
                        "value": 19.9,
                        "priceType": "BUY",
                        "formattedValue": "19,90 kr",
                        "minQuantity": null,
                        "maxQuantity": null
                    },
                    "textLabelGenerated": "",
                    "textLabelManual": null,
                    "price": {
                        "currencyIso": "SEK",
                        "value": 16.9,
                        "priceType": "BUY",
                        "formattedValue": "16,90 kr",
                        "minQuantity": null,
                        "maxQuantity": null
                    },
                    "promotionType": "MixMatchPricePromotion",
                    "conditionLabel": "Spara 3,00 kr/st",
                    "rewardLabel": "16,90/st",
                    "textLabel": "",
                    "redeemLimitLabel": "",
                    "cartLabel": null,
                    "validUntil": null,
                    "timesUsed": null,
                    "qualifyingCount": 1,
                    "comparePrice": "281,67 kr",
                    "splashTitleText": "",
                    "realMixAndMatch": false,
                    "mainProductCode": "101290937_ST",
                    "conditionLabelFormatted": "",
                    "promotionRedeemLimit": null,
                    "promotionPercentage": null,
                    "cartLabelFormatted": "",
                    "priority": 408,
                    "code": "2500268977"
                }
            ],
            "inactivePotentialPromotions": [],
            "priceValue": 19.9,
            "price": "19,90 kr",
            "image": {
                "imageType": "PRIMARY",
                "format": "product",
                "url": "https://assets.axfood.se/image/upload/f_auto,t_200/07310861040880_C1L1_s01",
                "altText": null,
                "galleryIndex": null,
                "width": null
            },
            "ranking": 280.88399103122,
            "depositPrice": "",
            "averageWeight": null,
            "comparePrice": "331,67 kr",
            "comparePriceUnit": "kg",
            "isDrugProduct": false,
            "solrSearchScore": 0.6426547169685364,
            "energyDeclaration": null,
            "newsSplashProduct": false,
            "notAllowedB2b": false,
            "notAllowedAnonymous": false,
            "productLine2": "GAINOMAX, 60g",
            "pickupProductLine2": "GAINOMAX, 60g",
            "priceUnit": "kr/st",
            "priceNoUnit": "19,90",
            "savingsAmount": 3.0,
            "googleAnalyticsCategory": "",
            "gdprTrackingIncompliant": false,
            "tobaccoProduct": false,
            "showGoodPriceIcon": false,
            "nicotineMedicalProduct": false,
            "tobaccoFreeNicotineProduct": false,
            "nonEkoProduct": false,
            "precautionaryStatements": [],
            "hazards": [],
            "labels": [],
            "seoDescription": "",
            "seoTitle": "",
            "manufacturer": "Gainomax",
            "incrementValue": 1.0,
            "productBasketType": {
                "code": "ST",
                "type": "ProductBasketTypeEnum"
            },
            "bargainProduct": false,
            "addToCartMessage": "",
            "thumbnail": {
                "imageType": "PRIMARY",
                "format": "thumbnail",
                "url": "https://assets.axfood.se/image/upload/f_auto,t_100/07310861040880_C1L1_s01",
                "altText": null,
                "galleryIndex": null,
                "width": null
            },
            "outOfStock": false,
            "online": true,
            "displayVolume": "60g",
            "addToCartDisabled": false,
            "name": "Dark Chocolate Proteinbar",
            "code": "101290937_ST"
        },
        {
            "potentialPromotions": [
                {
                    "threshold": null,
                    "applied": false,
                    "campaignType": "GENERAL",
                    "offerStatus": null,
                    "productCodes": [
                        "101210888_ST",
                        "101210946_ST",
                        "101552516_ST",
                        "101333700_ST",
                        "101248198_ST",
                        "101263347_ST",
                        "101263479_ST",
                        "101447854_ST",
                        "101447853_ST"
                    ],
                    "promotionTheme": {
                        "code": "Z062",
                        "visible": null
                    },
                    "lowestHistoricalPrice": {
                        "currencyIso": "SEK",
                        "value": 36.9,
                        "priceType": "BUY",
                        "formattedValue": "36,90 kr",
                        "minQuantity": null,
                        "maxQuantity": null
                    },
                    "textLabelGenerated": "",
                    "textLabelManual": null,
                    "price": {
                        "currencyIso": "SEK",
                        "value": 29.9,
                        "priceType": "BUY",
                        "formattedValue": "29,90 kr",
                        "minQuantity": null,
                        "maxQuantity": null
                    },
                    "promotionType": "MixMatchPricePromotion",
                    "conditionLabel": "Spara 7,00 kr/st",
                    "rewardLabel": "29,90/st",
                    "textLabel": "",
                    "redeemLimitLabel": "",
                    "cartLabel": null,
                    "validUntil": null,
                    "timesUsed": null,
                    "qualifyingCount": 1,
                    "comparePrice": "355,95 kr",
                    "splashTitleText": "",
                    "realMixAndMatch": false,
                    "mainProductCode": "101210888_ST",
                    "conditionLabelFormatted": "",
                    "promotionRedeemLimit": null,
                    "promotionPercentage": null,
                    "cartLabelFormatted": "",
                    "priority": 408,
                    "code": "2500262146"
                }
            ],
            "inactivePotentialPromotions": [],
            "priceValue": 36.9,
            "price": "36,90 kr",
            "image": {
                "imageType": "PRIMARY",
                "format": "product",
                "url": "https://assets.axfood.se/image/upload/f_auto,t_200/04009900484220_C1C1_s03",
                "altText": null,
                "galleryIndex": null,
                "width": null
            },
            "ranking": 280.88350306706,
            "depositPrice": "",
            "averageWeight": null,
            "comparePrice": "439,29 kr",
            "comparePriceUnit": "kg",
            "isDrugProduct": false,
            "solrSearchScore": 0.6426547169685364,
            "energyDeclaration": null,
            "newsSplashProduct": false,
            "notAllowedB2b": false,
            "notAllowedAnonymous": false,
            "productLine2": "EXTRA, 84g",
            "pickupProductLine2": "EXTRA, 84g",
            "priceUnit": "kr/st",
            "priceNoUnit": "36,90",
            "savingsAmount": 7.0,
            "googleAnalyticsCategory": "",
            "gdprTrackingIncompliant": false,
            "tobaccoProduct": false,
            "showGoodPriceIcon": false,
            "nicotineMedicalProduct": false,
            "tobaccoFreeNicotineProduct": false,
            "nonEkoProduct": false,
            "precautionaryStatements": [],
            "hazards": [],
            "labels": [],
            "seoDescription": "",
            "seoTitle": "",
            "manufacturer": "Extra",
            "incrementValue": 1.0,
            "productBasketType": {
                "code": "ST",
                "type": "ProductBasketTypeEnum"
            },
            "bargainProduct": false,
            "addToCartMessage": "",
            "thumbnail": {
                "imageType": "PRIMARY",
                "format": "thumbnail",
                "url": "https://assets.axfood.se/image/upload/f_auto,t_100/04009900484220_C1C1_s03",
                "altText": null,
                "galleryIndex": null,
                "width": null
            },
            "outOfStock": false,
            "online": true,
            "displayVolume": "84g",
            "addToCartDisabled": false,
            "name": "Sweet Mint Extra White Tuggummi",
            "code": "101210888_ST"
        },
        {
            "potentialPromotions": [
                {
                    "threshold": null,
                    "applied": false,
                    "campaignType": "GENERAL",
                    "offerStatus": null,
                    "productCodes": [
                        "101295751_ST"
                    ],
                    "promotionTheme": {
                        "code": "Z062",
                        "visible": null
                    },
                    "lowestHistoricalPrice": {
                        "currencyIso": "SEK",
                        "value": 24.9,
                        "priceType": "BUY",
                        "formattedValue": "24,90 kr",
                        "minQuantity": null,
                        "maxQuantity": null
                    },
                    "textLabelGenerated": "",
                    "textLabelManual": null,
                    "price": {
                        "currencyIso": "SEK",
                        "value": 21.9,
                        "priceType": "BUY",
                        "formattedValue": "21,90 kr",
                        "minQuantity": null,
                        "maxQuantity": null
                    },
                    "promotionType": "MixMatchPricePromotion",
                    "conditionLabel": "Spara 3,00 kr/st",
                    "rewardLabel": "21,90/st",
                    "textLabel": "",
                    "redeemLimitLabel": "",
                    "cartLabel": null,
                    "validUntil": null,
                    "timesUsed": null,
                    "qualifyingCount": 1,
                    "comparePrice": "1,56 kr",
                    "splashTitleText": "",
                    "realMixAndMatch": false,
                    "mainProductCode": "101295751_ST",
                    "conditionLabelFormatted": "",
                    "promotionRedeemLimit": null,
                    "promotionPercentage": null,
                    "cartLabelFormatted": "",
                    "priority": 408,
                    "code": "2500269050"
                }
            ],
            "inactivePotentialPromotions": [],
            "priceValue": 24.9,
            "price": "24,90 kr",
            "image": {
                "imageType": "PRIMARY",
                "format": "product",
                "url": "https://assets.axfood.se/image/upload/f_auto,t_200/04008871214287_C1C1_s02",
                "altText": null,
                "galleryIndex": null,
                "width": null
            },
            "ranking": 280.88298939282,
            "depositPrice": "",
            "averageWeight": null,
            "comparePrice": "1,78 kr",
            "comparePriceUnit": "st",
            "isDrugProduct": false,
            "solrSearchScore": 0.6426547169685364,
            "energyDeclaration": null,
            "newsSplashProduct": false,
            "notAllowedB2b": false,
            "notAllowedAnonymous": false,
            "productLine2": "TOPPITS, 14p",
            "pickupProductLine2": "TOPPITS, 14p",
            "priceUnit": "kr/st",
            "priceNoUnit": "24,90",
            "savingsAmount": 3.0,
            "googleAnalyticsCategory": "",
            "gdprTrackingIncompliant": false,
            "tobaccoProduct": false,
            "showGoodPriceIcon": false,
            "nicotineMedicalProduct": false,
            "tobaccoFreeNicotineProduct": false,
            "nonEkoProduct": false,
            "precautionaryStatements": [],
            "hazards": [],
            "labels": [],
            "seoDescription": "",
            "seoTitle": "",
            "manufacturer": "Toppits",
            "incrementValue": 1.0,
            "productBasketType": {
                "code": "ST",
                "type": "ProductBasketTypeEnum"
            },
            "bargainProduct": false,
            "addToCartMessage": "",
            "thumbnail": {
                "imageType": "PRIMARY",
                "format": "thumbnail",
                "url": "https://assets.axfood.se/image/upload/f_auto,t_100/04008871214287_C1C1_s02",
                "altText": null,
                "galleryIndex": null,
                "width": null
            },
            "outOfStock": false,
            "online": true,
            "displayVolume": "14p",
            "addToCartDisabled": false,
            "name": "Bakplåtspapper Glidfri",
            "code": "101295751_ST"
        },
        {
            "potentialPromotions": [
                {
                    "threshold": null,
                    "applied": false,
                    "campaignType": "GENERAL",
                    "offerStatus": null,
                    "productCodes": [
                        "101261444_ST"
                    ],
                    "promotionTheme": {
                        "code": "Z062",
                        "visible": null
                    },
                    "lowestHistoricalPrice": {
                        "currencyIso": "SEK",
                        "value": 39.9,
                        "priceType": "BUY",
                        "formattedValue": "39,90 kr",
                        "minQuantity": null,
                        "maxQuantity": null
                    },
                    "textLabelGenerated": "",
                    "textLabelManual": null,
                    "price": {
                        "currencyIso": "SEK",
                        "value": 29.9,
                        "priceType": "BUY",
                        "formattedValue": "29,90 kr",
                        "minQuantity": null,
                        "maxQuantity": null
                    },
                    "promotionType": "MixMatchPricePromotion",
                    "conditionLabel": "Spara 10,00 kr/st",
                    "rewardLabel": "29,90/st",
                    "textLabel": "",
                    "redeemLimitLabel": "",
                    "cartLabel": null,
                    "validUntil": null,
                    "timesUsed": null,
                    "qualifyingCount": 1,
                    "comparePrice": "66,44 kr",
                    "splashTitleText": "",
                    "realMixAndMatch": false,
                    "mainProductCode": "101261444_ST",
                    "conditionLabelFormatted": "",
                    "promotionRedeemLimit": null,
                    "promotionPercentage": null,
                    "cartLabelFormatted": "",
                    "priority": 408,
                    "code": "2500271155"
                }
            ],
            "inactivePotentialPromotions": [],
            "priceValue": 39.9,
            "price": "39,90 kr",
            "image": {
                "imageType": "PRIMARY",
                "format": "product",
                "url": "https://assets.axfood.se/image/upload/f_auto,t_200/07350031135473_C1C1_s01",
                "altText": null,
                "galleryIndex": null,
                "width": null
            },
            "ranking": 280.88250994834,
            "depositPrice": "",
            "averageWeight": null,
            "comparePrice": "88,67 kr",
            "comparePriceUnit": "kg",
            "isDrugProduct": false,
            "solrSearchScore": 0.6426547169685364,
            "energyDeclaration": null,
            "newsSplashProduct": false,
            "notAllowedB2b": false,
            "notAllowedAnonymous": false,
            "productLine2": "LA LORRAINE, 450g",
            "pickupProductLine2": "LA LORRAINE, 450g",
            "priceUnit": "kr/st",
            "priceNoUnit": "39,90",
            "savingsAmount": 10.0,
            "googleAnalyticsCategory": "",
            "gdprTrackingIncompliant": false,
            "tobaccoProduct": false,
            "showGoodPriceIcon": false,
            "nicotineMedicalProduct": false,
            "tobaccoFreeNicotineProduct": false,
            "nonEkoProduct": false,
            "precautionaryStatements": [],
            "hazards": [],
            "labels": [],
            "seoDescription": "",
            "seoTitle": "",
            "manufacturer": "La Lorraine",
            "incrementValue": 1.0,
            "productBasketType": {
                "code": "ST",
                "type": "ProductBasketTypeEnum"
            },
            "bargainProduct": false,
            "addToCartMessage": "",
            "thumbnail": {
                "imageType": "PRIMARY",
                "format": "thumbnail",
                "url": "https://assets.axfood.se/image/upload/f_auto,t_100/07350031135473_C1C1_s01",
                "altText": null,
                "galleryIndex": null,
                "width": null
            },
            "outOfStock": false,
            "online": true,
            "displayVolume": "450g",
            "addToCartDisabled": false,
            "name": "Bâtard Campagne",
            "code": "101261444_ST"
        },
        {
            "potentialPromotions": [
                {
                    "threshold": null,
                    "applied": false,
                    "campaignType": "GENERAL",
                    "offerStatus": null,
                    "productCodes": [
                        "101295752_ST"
                    ],
                    "promotionTheme": {
                        "code": "Z062",
                        "visible": null
                    },
                    "lowestHistoricalPrice": {
                        "currencyIso": "SEK",
                        "value": 35.9,
                        "priceType": "BUY",
                        "formattedValue": "35,90 kr",
                        "minQuantity": null,
                        "maxQuantity": null
                    },
                    "textLabelGenerated": "",
                    "textLabelManual": null,
                    "price": {
                        "currencyIso": "SEK",
                        "value": 29.9,
                        "priceType": "BUY",
                        "formattedValue": "29,90 kr",
                        "minQuantity": null,
                        "maxQuantity": null
                    },
                    "promotionType": "MixMatchPricePromotion",
                    "conditionLabel": "Spara 5,00 kr/st",
                    "rewardLabel": "29,90/st",
                    "textLabel": "",
                    "redeemLimitLabel": "",
                    "cartLabel": null,
                    "validUntil": null,
                    "timesUsed": null,
                    "qualifyingCount": 1,
                    "comparePrice": "2,99 kr",
                    "splashTitleText": "",
                    "realMixAndMatch": false,
                    "mainProductCode": "101295752_ST",
                    "conditionLabelFormatted": "",
                    "promotionRedeemLimit": null,
                    "promotionPercentage": null,
                    "cartLabelFormatted": "",
                    "priority": 408,
                    "code": "2500269051"
                }
            ],
            "inactivePotentialPromotions": [],
            "priceValue": 34.9,
            "price": "34,90 kr",
            "image": {
                "imageType": "PRIMARY",
                "format": "product",
                "url": "https://assets.axfood.se/image/upload/f_auto,t_200/04008871214423_C1C1_s02",
                "altText": null,
                "galleryIndex": null,
                "width": null
            },
            "ranking": 280.8819897205,
            "depositPrice": "",
            "averageWeight": null,
            "comparePrice": "3,49 kr",
            "comparePriceUnit": "m",
            "isDrugProduct": false,
            "solrSearchScore": 0.6426547169685364,
            "energyDeclaration": null,
            "newsSplashProduct": false,
            "notAllowedB2b": false,
            "notAllowedAnonymous": false,
            "productLine2": "TOPPITS, 10m",
            "pickupProductLine2": "TOPPITS, 10m",
            "priceUnit": "kr/st",
            "priceNoUnit": "34,90",
            "savingsAmount": 5.0,
            "googleAnalyticsCategory": "",
            "gdprTrackingIncompliant": false,
            "tobaccoProduct": false,
            "showGoodPriceIcon": false,
            "nicotineMedicalProduct": false,
            "tobaccoFreeNicotineProduct": false,
            "nonEkoProduct": false,
            "precautionaryStatements": [],
            "hazards": [],
            "labels": [],
            "seoDescription": "",
            "seoTitle": "",
            "manufacturer": "Toppits",
            "incrementValue": 1.0,
            "productBasketType": {
                "code": "ST",
                "type": "ProductBasketTypeEnum"
            },
            "bargainProduct": false,
            "addToCartMessage": "",
            "thumbnail": {
                "imageType": "PRIMARY",
                "format": "thumbnail",
                "url": "https://assets.axfood.se/image/upload/f_auto,t_100/04008871214423_C1C1_s02",
                "altText": null,
                "galleryIndex": null,
                "width": null
            },
            "outOfStock": false,
            "online": true,
            "displayVolume": "10m",
            "addToCartDisabled": false,
            "name": "Aluminiumfolie Ugn/grill/frys",
            "code": "101295752_ST"
        },
        {
            "potentialPromotions": [
                {
                    "threshold": null,
                    "applied": false,
                    "campaignType": "GENERAL",
                    "offerStatus": null,
                    "productCodes": [
                        "101277575_ST"
                    ],
                    "promotionTheme": {
                        "code": "Z062",
                        "visible": null
                    },
                    "lowestHistoricalPrice": {
                        "currencyIso": "SEK",
                        "value": 29.5,
                        "priceType": "BUY",
                        "formattedValue": "29,50 kr",
                        "minQuantity": null,
                        "maxQuantity": null
                    },
                    "textLabelGenerated": "",
                    "textLabelManual": null,
                    "price": {
                        "currencyIso": "SEK",
                        "value": 24.9,
                        "priceType": "BUY",
                        "formattedValue": "24,90 kr",
                        "minQuantity": null,
                        "maxQuantity": null
                    },
                    "promotionType": "MixMatchPricePromotion",
                    "conditionLabel": "Spara 4,60 kr/st",
                    "rewardLabel": "24,90/st",
                    "textLabel": "",
                    "redeemLimitLabel": "",
                    "cartLabel": null,
                    "validUntil": null,
                    "timesUsed": null,
                    "qualifyingCount": 1,
                    "comparePrice": "55,33 kr",
                    "splashTitleText": "",
                    "realMixAndMatch": false,
                    "mainProductCode": "101277575_ST",
                    "conditionLabelFormatted": "",
                    "promotionRedeemLimit": null,
                    "promotionPercentage": null,
                    "cartLabelFormatted": "",
                    "priority": 408,
                    "code": "2500262533"
                }
            ],
            "inactivePotentialPromotions": [],
            "priceValue": 29.5,
            "price": "29,50 kr",
            "image": {
                "imageType": "PRIMARY",
                "format": "product",
                "url": "https://assets.axfood.se/image/upload/f_auto,t_200/05900397739413_C1C1_s02",
                "altText": null,
                "galleryIndex": null,
                "width": null
            },
            "ranking": 280.88150863762,
            "depositPrice": "",
            "averageWeight": null,
            "comparePrice": "65,55 kr",
            "comparePriceUnit": "kg",
            "isDrugProduct": false,
            "solrSearchScore": 0.6426547169685364,
            "energyDeclaration": null,
            "newsSplashProduct": false,
            "notAllowedB2b": false,
            "notAllowedAnonymous": false,
            "productLine2": "KRAKUS, 920/450g",
            "pickupProductLine2": "KRAKUS, 920/450g",
            "priceUnit": "kr/st",
            "priceNoUnit": "29,50",
            "savingsAmount": 4.6,
            "googleAnalyticsCategory": "",
            "gdprTrackingIncompliant": false,
            "tobaccoProduct": false,
            "showGoodPriceIcon": false,
            "nicotineMedicalProduct": false,
            "tobaccoFreeNicotineProduct": false,
            "nonEkoProduct": false,
            "precautionaryStatements": [],
            "hazards": [],
            "labels": [],
            "seoDescription": "",
            "seoTitle": "",
            "manufacturer": "Krakus",
            "incrementValue": 1.0,
            "productBasketType": {
                "code": "ST",
                "type": "ProductBasketTypeEnum"
            },
            "bargainProduct": false,
            "addToCartMessage": "",
            "thumbnail": {
                "imageType": "PRIMARY",
                "format": "thumbnail",
                "url": "https://assets.axfood.se/image/upload/f_auto,t_100/05900397739413_C1C1_s02",
                "altText": null,
                "galleryIndex": null,
                "width": null
            },
            "outOfStock": false,
            "online": true,
            "displayVolume": "920/450g",
            "addToCartDisabled": false,
            "name": "Gurka med Dill",
            "code": "101277575_ST"
        },
        {
            "potentialPromotions": [
                {
                    "threshold": null,
                    "applied": false,
                    "campaignType": "GENERAL",
                    "offerStatus": null,
                    "productCodes": [
                        "101284620_ST",
                        "101284490_ST",
                        "101284584_ST",
                        "101284632_ST",
                        "101327580_ST",
                        "101327581_ST",
                        "101327582_ST"
                    ],
                    "promotionTheme": {
                        "code": "Z062",
                        "visible": null
                    },
                    "lowestHistoricalPrice": null,
                    "textLabelGenerated": "",
                    "textLabelManual": null,
                    "price": {
                        "currencyIso": "SEK",
                        "value": 16.0,
                        "priceType": "BUY",
                        "formattedValue": "16,00 kr",
                        "minQuantity": null,
                        "maxQuantity": null
                    },
                    "promotionType": "MixMatchPricePromotion",
                    "conditionLabel": "Välj & blanda! 2 för",
                    "rewardLabel": "32,00",
                    "textLabel": "",
                    "redeemLimitLabel": "",
                    "cartLabel": null,
                    "validUntil": null,
                    "timesUsed": null,
                    "qualifyingCount": 2,
                    "comparePrice": "32,00 kr",
                    "splashTitleText": "",
                    "realMixAndMatch": true,
                    "mainProductCode": "101284620_ST",
                    "conditionLabelFormatted": "2 för",
                    "promotionRedeemLimit": null,
                    "promotionPercentage": null,
                    "cartLabelFormatted": "",
                    "priority": 408,
                    "code": "2500262525"
                }
            ],
            "inactivePotentialPromotions": [],
            "priceValue": 17.9,
            "price": "17,90 kr",
            "image": {
                "imageType": "PRIMARY",
                "format": "product",
                "url": "https://assets.axfood.se/image/upload/f_auto,t_200/08000139007095_C1L1_s02",
                "altText": null,
                "galleryIndex": null,
                "width": null
            },
            "ranking": 280.88050634386,
            "depositPrice": "",
            "averageWeight": null,
            "comparePrice": "35,80 kr",
            "comparePriceUnit": "kg",
            "isDrugProduct": false,
            "solrSearchScore": 0.6426547169685364,
            "energyDeclaration": null,
            "newsSplashProduct": false,
            "notAllowedB2b": false,
            "notAllowedAnonymous": false,
            "productLine2": "GAROFALO, 500g",
            "pickupProductLine2": "GAROFALO, 500g",
            "priceUnit": "kr/st",
            "priceNoUnit": "17,90",
            "savingsAmount": 3.8,
            "googleAnalyticsCategory": "",
            "gdprTrackingIncompliant": false,
            "tobaccoProduct": false,
            "showGoodPriceIcon": false,
            "nicotineMedicalProduct": false,
            "tobaccoFreeNicotineProduct": false,
            "nonEkoProduct": false,
            "precautionaryStatements": [],
            "hazards": [],
            "labels": [],
            "seoDescription": "",
            "seoTitle": "",
            "manufacturer": "Garofalo",
            "incrementValue": 1.0,
            "productBasketType": {
                "code": "ST",
                "type": "ProductBasketTypeEnum"
            },
            "bargainProduct": false,
            "addToCartMessage": "",
            "thumbnail": {
                "imageType": "PRIMARY",
                "format": "thumbnail",
                "url": "https://assets.axfood.se/image/upload/f_auto,t_100/08000139007095_C1L1_s02",
                "altText": null,
                "galleryIndex": null,
                "width": null
            },
            "outOfStock": false,
            "online": true,
            "displayVolume": "500g",
            "addToCartDisabled": false,
            "name": "Mezze Maniche Rigate Pasta",
            "code": "101284620_ST"
        },
        {
            "potentialPromotions": [
                {
                    "threshold": null,
                    "applied": false,
                    "campaignType": "GENERAL",
                    "offerStatus": null,
                    "productCodes": [
                        "101347559_ST",
                        "101357167_ST",
                        "101584042_ST",
                        "101584043_ST"
                    ],
                    "promotionTheme": {
                        "code": "Z062",
                        "visible": null
                    },
                    "lowestHistoricalPrice": {
                        "currencyIso": "SEK",
                        "value": 29.9,
                        "priceType": "BUY",
                        "formattedValue": "29,90 kr",
                        "minQuantity": null,
                        "maxQuantity": null
                    },
                    "textLabelGenerated": "",
                    "textLabelManual": null,
                    "price": {
                        "currencyIso": "SEK",
                        "value": 26.9,
                        "priceType": "BUY",
                        "formattedValue": "26,90 kr",
                        "minQuantity": null,
                        "maxQuantity": null
                    },
                    "promotionType": "MixMatchPricePromotion",
                    "conditionLabel": "Spara 3,00 kr/st",
                    "rewardLabel": "26,90/st",
                    "textLabel": "",
                    "redeemLimitLabel": "",
                    "cartLabel": null,
                    "validUntil": null,
                    "timesUsed": null,
                    "qualifyingCount": 1,
                    "comparePrice": "1,50 kr",
                    "splashTitleText": "",
                    "realMixAndMatch": false,
                    "mainProductCode": "101347559_ST",
                    "conditionLabelFormatted": "",
                    "promotionRedeemLimit": null,
                    "promotionPercentage": null,
                    "cartLabelFormatted": "",
                    "priority": 408,
                    "code": "2500268985"
                }
            ],
            "inactivePotentialPromotions": [],
            "priceValue": 29.9,
            "price": "29,90 kr",
            "image": {
                "imageType": "PRIMARY",
                "format": "product",
                "url": "https://assets.axfood.se/image/upload/f_auto,t_200/08717847137425_C1R1_s04",
                "altText": null,
                "galleryIndex": null,
                "width": null
            },
            "ranking": 280.8799913589,
            "depositPrice": "",
            "averageWeight": null,
            "comparePrice": "1,66 kr",
            "comparePriceUnit": "st",
            "isDrugProduct": false,
            "solrSearchScore": 0.6426547169685364,
            "energyDeclaration": null,
            "newsSplashProduct": false,
            "notAllowedB2b": false,
            "notAllowedAnonymous": false,
            "productLine2": "BOLSIUS, 18p",
            "pickupProductLine2": "BOLSIUS, 18p",
            "priceUnit": "kr/st",
            "priceNoUnit": "29,90",
            "savingsAmount": 3.0,
            "googleAnalyticsCategory": "",
            "gdprTrackingIncompliant": false,
            "tobaccoProduct": false,
            "showGoodPriceIcon": false,
            "nicotineMedicalProduct": false,
            "tobaccoFreeNicotineProduct": false,
            "nonEkoProduct": false,
            "precautionaryStatements": [],
            "hazards": [],
            "labels": [
                "no_pictogram"
            ],
            "seoDescription": "",
            "seoTitle": "",
            "manufacturer": "Bolsius",
            "incrementValue": 1.0,
            "productBasketType": {
                "code": "ST",
                "type": "ProductBasketTypeEnum"
            },
            "bargainProduct": false,
            "addToCartMessage": "",
            "thumbnail": {
                "imageType": "PRIMARY",
                "format": "thumbnail",
                "url": "https://assets.axfood.se/image/upload/f_auto,t_100/08717847137425_C1R1_s04",
                "altText": null,
                "galleryIndex": null,
                "width": null
            },
            "outOfStock": false,
            "online": true,
            "displayVolume": "18p",
            "addToCartDisabled": false,
            "name": "Värmeljus 4h Vanilla True Scents",
            "code": "101347559_ST"
        },
        {
            "potentialPromotions": [
                {
                    "threshold": null,
                    "applied": false,
                    "campaignType": "GENERAL",
                    "offerStatus": null,
                    "productCodes": [
                        "101295569_ST"
                    ],
                    "promotionTheme": {
                        "code": "Z062",
                        "visible": null
                    },
                    "lowestHistoricalPrice": {
                        "currencyIso": "SEK",
                        "value": 21.9,
                        "priceType": "BUY",
                        "formattedValue": "21,90 kr",
                        "minQuantity": null,
                        "maxQuantity": null
                    },
                    "textLabelGenerated": "",
                    "textLabelManual": null,
                    "price": {
                        "currencyIso": "SEK",
                        "value": 19.9,
                        "priceType": "BUY",
                        "formattedValue": "19,90 kr",
                        "minQuantity": null,
                        "maxQuantity": null
                    },
                    "promotionType": "MixMatchPricePromotion",
                    "conditionLabel": "Spara 2,00 kr/st",
                    "rewardLabel": "19,90/st",
                    "textLabel": "",
                    "redeemLimitLabel": "",
                    "cartLabel": null,
                    "validUntil": null,
                    "timesUsed": null,
                    "qualifyingCount": 1,
                    "comparePrice": "53,64 kr",
                    "splashTitleText": "",
                    "realMixAndMatch": false,
                    "mainProductCode": "101295569_ST",
                    "conditionLabelFormatted": "",
                    "promotionRedeemLimit": null,
                    "promotionPercentage": null,
                    "cartLabelFormatted": "",
                    "priority": 408,
                    "code": "2500262530"
                }
            ],
            "inactivePotentialPromotions": [],
            "priceValue": 21.9,
            "price": "21,90 kr",
            "image": {
                "imageType": "PRIMARY",
                "format": "product",
                "url": "https://assets.axfood.se/image/upload/f_auto,t_200/07311311021169_C1N1_s02",
                "altText": null,
                "galleryIndex": null,
                "width": null
            },
            "ranking": 280.87950798226,
            "depositPrice": "",
            "averageWeight": null,
            "comparePrice": "59,03 kr",
            "comparePriceUnit": "kg",
            "isDrugProduct": false,
            "solrSearchScore": 0.6426547169685364,
            "energyDeclaration": null,
            "newsSplashProduct": false,
            "notAllowedB2b": false,
            "notAllowedAnonymous": false,
            "productLine2": "SANTA MARIA, 371g",
            "pickupProductLine2": "SANTA MARIA, 371g",
            "priceUnit": "kr/st",
            "priceNoUnit": "21,90",
            "savingsAmount": 2.0,
            "googleAnalyticsCategory": "",
            "gdprTrackingIncompliant": false,
            "tobaccoProduct": false,
            "showGoodPriceIcon": false,
            "nicotineMedicalProduct": false,
            "tobaccoFreeNicotineProduct": false,
            "nonEkoProduct": false,
            "precautionaryStatements": [],
            "hazards": [],
            "labels": [],
            "seoDescription": "",
            "seoTitle": "",
            "manufacturer": "Santa Maria",
            "incrementValue": 1.0,
            "productBasketType": {
                "code": "ST",
                "type": "ProductBasketTypeEnum"
            },
            "bargainProduct": false,
            "addToCartMessage": "",
            "thumbnail": {
                "imageType": "PRIMARY",
                "format": "thumbnail",
                "url": "https://assets.axfood.se/image/upload/f_auto,t_100/07311311021169_C1N1_s02",
                "altText": null,
                "galleryIndex": null,
                "width": null
            },
            "outOfStock": false,
            "online": true,
            "displayVolume": "371g",
            "addToCartDisabled": false,
            "name": "Tortilla Original Large 6-pack",
            "code": "101295569_ST"
        },
        {
            "potentialPromotions": [
                {
                    "threshold": null,
                    "applied": false,
                    "campaignType": "GENERAL",
                    "offerStatus": null,
                    "productCodes": [
                        "101364669_ST"
                    ],
                    "promotionTheme": {
                        "code": "Z062",
                        "visible": null
                    },
                    "lowestHistoricalPrice": {
                        "currencyIso": "SEK",
                        "value": 37.9,
                        "priceType": "BUY",
                        "formattedValue": "37,90 kr",
                        "minQuantity": null,
                        "maxQuantity": null
                    },
                    "textLabelGenerated": "",
                    "textLabelManual": null,
                    "price": {
                        "currencyIso": "SEK",
                        "value": 29.9,
                        "priceType": "BUY",
                        "formattedValue": "29,90 kr",
                        "minQuantity": null,
                        "maxQuantity": null
                    },
                    "promotionType": "MixMatchPricePromotion",
                    "conditionLabel": "Spara 8,00 kr/st",
                    "rewardLabel": "29,90/st  +pant",
                    "textLabel": "",
                    "redeemLimitLabel": "",
                    "cartLabel": null,
                    "validUntil": null,
                    "timesUsed": null,
                    "qualifyingCount": 1,
                    "comparePrice": "15,10 kr",
                    "splashTitleText": "",
                    "realMixAndMatch": false,
                    "mainProductCode": "101364669_ST",
                    "conditionLabelFormatted": "",
                    "promotionRedeemLimit": null,
                    "promotionPercentage": null,
                    "cartLabelFormatted": "",
                    "priority": 408,
                    "code": "2500268951"
                }
            ],
            "inactivePotentialPromotions": [],
            "priceValue": 37.9,
            "price": "37,90 kr",
            "image": {
                "imageType": "PRIMARY",
                "format": "product",
                "url": "https://assets.axfood.se/image/upload/f_auto,t_200/07310402046777_C1N1_s03",
                "altText": null,
                "galleryIndex": null,
                "width": null
            },
            "ranking": 280.87899004818,
            "depositPrice": "6,00 kr",
            "averageWeight": null,
            "comparePrice": "19,14 kr",
            "comparePriceUnit": "l",
            "isDrugProduct": false,
            "solrSearchScore": 0.6426547169685364,
            "energyDeclaration": null,
            "newsSplashProduct": false,
            "notAllowedB2b": false,
            "notAllowedAnonymous": false,
            "productLine2": "TROCADERO, 6p/33cl",
            "pickupProductLine2": "TROCADERO, 6p/33cl",
            "priceUnit": "kr/st",
            "priceNoUnit": "37,90",
            "savingsAmount": 8.0,
            "googleAnalyticsCategory": "",
            "gdprTrackingIncompliant": false,
            "tobaccoProduct": false,
            "showGoodPriceIcon": false,
            "nicotineMedicalProduct": false,
            "tobaccoFreeNicotineProduct": false,
            "nonEkoProduct": false,
            "precautionaryStatements": [],
            "hazards": [],
            "labels": [],
            "seoDescription": "",
            "seoTitle": "",
            "manufacturer": "Trocadero",
            "incrementValue": 1.0,
            "productBasketType": {
                "code": "ST",
                "type": "ProductBasketTypeEnum"
            },
            "bargainProduct": false,
            "addToCartMessage": "",
            "thumbnail": {
                "imageType": "PRIMARY",
                "format": "thumbnail",
                "url": "https://assets.axfood.se/image/upload/f_auto,t_100/07310402046777_C1N1_s03",
                "altText": null,
                "galleryIndex": null,
                "width": null
            },
            "outOfStock": false,
            "online": true,
            "displayVolume": "6p/33cl",
            "addToCartDisabled": false,
            "name": "Trocadero Zero Läsk Burk",
            "code": "101364669_ST"
        },
        {
            "potentialPromotions": [
                {
                    "threshold": null,
                    "applied": false,
                    "campaignType": "GENERAL",
                    "offerStatus": null,
                    "productCodes": [
                        "101306454_ST"
                    ],
                    "promotionTheme": {
                        "code": "Z062",
                        "visible": null
                    },
                    "lowestHistoricalPrice": {
                        "currencyIso": "SEK",
                        "value": 31.9,
                        "priceType": "BUY",
                        "formattedValue": "31,90 kr",
                        "minQuantity": null,
                        "maxQuantity": null
                    },
                    "textLabelGenerated": "",
                    "textLabelManual": null,
                    "price": {
                        "currencyIso": "SEK",
                        "value": 26.9,
                        "priceType": "BUY",
                        "formattedValue": "26,90 kr",
                        "minQuantity": null,
                        "maxQuantity": null
                    },
                    "promotionType": "MixMatchPricePromotion",
                    "conditionLabel": "Spara 5,00 kr/st",
                    "rewardLabel": "26,90/st",
                    "textLabel": "",
                    "redeemLimitLabel": "",
                    "cartLabel": null,
                    "validUntil": null,
                    "timesUsed": null,
                    "qualifyingCount": 1,
                    "comparePrice": "26,90 kr",
                    "splashTitleText": "",
                    "realMixAndMatch": false,
                    "mainProductCode": "101306454_ST",
                    "conditionLabelFormatted": "",
                    "promotionRedeemLimit": null,
                    "promotionPercentage": null,
                    "cartLabelFormatted": "",
                    "priority": 408,
                    "code": "2500262526"
                }
            ],
            "inactivePotentialPromotions": [],
            "priceValue": 31.9,
            "price": "31,90 kr",
            "image": {
                "imageType": "PRIMARY",
                "format": "product",
                "url": "https://assets.axfood.se/image/upload/f_auto,t_200/07312560036027_C1N1_s02",
                "altText": null,
                "galleryIndex": null,
                "width": null
            },
            "ranking": 280.87850667154,
            "depositPrice": "",
            "averageWeight": null,
            "comparePrice": "31,90 kr",
            "comparePriceUnit": "kg",
            "isDrugProduct": false,
            "solrSearchScore": 0.6426547169685364,
            "energyDeclaration": null,
            "newsSplashProduct": false,
            "notAllowedB2b": false,
            "notAllowedAnonymous": false,
            "productLine2": "FREBACO KVARN, 1kg",
            "pickupProductLine2": "FREBACO KVARN, 1kg",
            "priceUnit": "kr/st",
            "priceNoUnit": "31,90",
            "savingsAmount": 5.0,
            "googleAnalyticsCategory": "",
            "gdprTrackingIncompliant": false,
            "tobaccoProduct": false,
            "showGoodPriceIcon": false,
            "nicotineMedicalProduct": false,
            "tobaccoFreeNicotineProduct": false,
            "nonEkoProduct": false,
            "precautionaryStatements": [],
            "hazards": [],
            "labels": [
                "swedish_flag",
                "from_sweden"
            ],
            "seoDescription": "",
            "seoTitle": "",
            "manufacturer": "Frebaco Kvarn",
            "incrementValue": 1.0,
            "productBasketType": {
                "code": "ST",
                "type": "ProductBasketTypeEnum"
            },
            "bargainProduct": false,
            "addToCartMessage": "",
            "thumbnail": {
                "imageType": "PRIMARY",
                "format": "thumbnail",
                "url": "https://assets.axfood.se/image/upload/f_auto,t_100/07312560036027_C1N1_s02",
                "altText": null,
                "galleryIndex": null,
                "width": null
            },
            "outOfStock": false,
            "online": true,
            "displayVolume": "1kg",
            "addToCartDisabled": false,
            "name": "Havreris Svenskt",
            "code": "101306454_ST"
        },
        {
            "potentialPromotions": [
                {
                    "threshold": null,
                    "applied": false,
                    "campaignType": "GENERAL",
                    "offerStatus": null,
                    "productCodes": [
                        "101501024_ST"
                    ],
                    "promotionTheme": {
                        "code": "Z062",
                        "visible": null
                    },
                    "lowestHistoricalPrice": {
                        "currencyIso": "SEK",
                        "value": 59.9,
                        "priceType": "BUY",
                        "formattedValue": "59,90 kr",
                        "minQuantity": null,
                        "maxQuantity": null
                    },
                    "textLabelGenerated": "",
                    "textLabelManual": null,
                    "price": {
                        "currencyIso": "SEK",
                        "value": 49.8,
                        "priceType": "BUY",
                        "formattedValue": "49,80 kr",
                        "minQuantity": null,
                        "maxQuantity": null
                    },
                    "promotionType": "MixMatchPricePromotion",
                    "conditionLabel": "Spara 10,10 kr/st",
                    "rewardLabel": "49,80/st",
                    "textLabel": "",
                    "redeemLimitLabel": "",
                    "cartLabel": null,
                    "validUntil": null,
                    "timesUsed": null,
                    "qualifyingCount": 1,
                    "comparePrice": "49,80 kr",
                    "splashTitleText": "",
                    "realMixAndMatch": false,
                    "mainProductCode": "101501024_ST",
                    "conditionLabelFormatted": "",
                    "promotionRedeemLimit": null,
                    "promotionPercentage": null,
                    "cartLabelFormatted": "",
                    "priority": 408,
                    "code": "2500268957"
                }
            ],
            "inactivePotentialPromotions": [],
            "priceValue": 59.9,
            "price": "59,90 kr",
            "image": {
                "imageType": "PRIMARY",
                "format": "product",
                "url": "https://assets.axfood.se/image/upload/f_auto,t_200/07350116923957_C1N1_s01",
                "altText": null,
                "galleryIndex": null,
                "width": null
            },
            "ranking": 280.87798840978,
            "depositPrice": "",
            "averageWeight": null,
            "comparePrice": "59,90 kr",
            "comparePriceUnit": "l",
            "isDrugProduct": false,
            "solrSearchScore": 0.6426547169685364,
            "energyDeclaration": null,
            "newsSplashProduct": false,
            "notAllowedB2b": false,
            "notAllowedAnonymous": false,
            "productLine2": "TWIN DRAGON, 1l",
            "pickupProductLine2": "TWIN DRAGON, 1l",
            "priceUnit": "kr/st",
            "priceNoUnit": "59,90",
            "savingsAmount": 10.1,
            "googleAnalyticsCategory": "",
            "gdprTrackingIncompliant": false,
            "tobaccoProduct": false,
            "showGoodPriceIcon": false,
            "nicotineMedicalProduct": false,
            "tobaccoFreeNicotineProduct": false,
            "nonEkoProduct": false,
            "precautionaryStatements": [],
            "hazards": [],
            "labels": [],
            "seoDescription": "",
            "seoTitle": "",
            "manufacturer": "Twin Dragon",
            "incrementValue": 1.0,
            "productBasketType": {
                "code": "ST",
                "type": "ProductBasketTypeEnum"
            },
            "bargainProduct": false,
            "addToCartMessage": "",
            "thumbnail": {
                "imageType": "PRIMARY",
                "format": "thumbnail",
                "url": "https://assets.axfood.se/image/upload/f_auto,t_100/07350116923957_C1N1_s01",
                "altText": null,
                "galleryIndex": null,
                "width": null
            },
            "outOfStock": false,
            "online": true,
            "displayVolume": "1l",
            "addToCartDisabled": false,
            "name": "Japanese Soy Sauce",
            "code": "101501024_ST"
        },
        {
            "potentialPromotions": [
                {
                    "threshold": null,
                    "applied": false,
                    "campaignType": "GENERAL",
                    "offerStatus": null,
                    "productCodes": [
                        "101309793_ST",
                        "101309780_ST",
                        "101338938_ST",
                        "101350160_ST",
                        "101548120_ST"
                    ],
                    "promotionTheme": {
                        "code": "Z062",
                        "visible": null
                    },
                    "lowestHistoricalPrice": {
                        "currencyIso": "SEK",
                        "value": 54.9,
                        "priceType": "BUY",
                        "formattedValue": "54,90 kr",
                        "minQuantity": null,
                        "maxQuantity": null
                    },
                    "textLabelGenerated": "",
                    "textLabelManual": null,
                    "price": {
                        "currencyIso": "SEK",
                        "value": 44.9,
                        "priceType": "BUY",
                        "formattedValue": "44,90 kr",
                        "minQuantity": null,
                        "maxQuantity": null
                    },
                    "promotionType": "MixMatchPricePromotion",
                    "conditionLabel": "Spara 10,00 kr/st",
                    "rewardLabel": "44,90/st",
                    "textLabel": "",
                    "redeemLimitLabel": "",
                    "cartLabel": null,
                    "validUntil": null,
                    "timesUsed": null,
                    "qualifyingCount": 1,
                    "comparePrice": "94,93 kr",
                    "splashTitleText": "",
                    "realMixAndMatch": false,
                    "mainProductCode": "101309793_ST",
                    "conditionLabelFormatted": "",
                    "promotionRedeemLimit": null,
                    "promotionPercentage": null,
                    "cartLabelFormatted": "",
                    "priority": 408,
                    "code": "2500262133"
                }
            ],
            "inactivePotentialPromotions": [],
            "priceValue": 54.9,
            "price": "54,90 kr",
            "image": {
                "imageType": "PRIMARY",
                "format": "product",
                "url": "https://assets.axfood.se/image/upload/f_auto,t_200/07350104400545_C1N1_s02",
                "altText": null,
                "galleryIndex": null,
                "width": null
            },
            "ranking": 280.87750110098,
            "depositPrice": "",
            "averageWeight": null,
            "comparePrice": "116,07 kr",
            "comparePriceUnit": "l",
            "isDrugProduct": false,
            "solrSearchScore": 0.6426547169685364,
            "energyDeclaration": null,
            "newsSplashProduct": false,
            "notAllowedB2b": false,
            "notAllowedAnonymous": false,
            "productLine2": "NICK´S, 0,473l",
            "pickupProductLine2": "NICK´S, 0,473l",
            "priceUnit": "kr/st",
            "priceNoUnit": "54,90",
            "savingsAmount": 10.0,
            "googleAnalyticsCategory": "",
            "gdprTrackingIncompliant": false,
            "tobaccoProduct": false,
            "showGoodPriceIcon": false,
            "nicotineMedicalProduct": false,
            "tobaccoFreeNicotineProduct": false,
            "nonEkoProduct": false,
            "precautionaryStatements": [],
            "hazards": [],
            "labels": [
                "frozen"
            ],
            "seoDescription": "",
            "seoTitle": "",
            "manufacturer": "Nick´s",
            "incrementValue": 1.0,
            "productBasketType": {
                "code": "ST",
                "type": "ProductBasketTypeEnum"
            },
            "bargainProduct": false,
            "addToCartMessage": "",
            "thumbnail": {
                "imageType": "PRIMARY",
                "format": "thumbnail",
                "url": "https://assets.axfood.se/image/upload/f_auto,t_100/07350104400545_C1N1_s02",
                "altText": null,
                "galleryIndex": null,
                "width": null
            },
            "outOfStock": false,
            "online": true,
            "displayVolume": "0,473l",
            "addToCartDisabled": false,
            "name": "Chocolate Brownie Glass",
            "code": "101309793_ST"
        },
        {
            "potentialPromotions": [
                {
                    "threshold": null,
                    "applied": false,
                    "campaignType": "GENERAL",
                    "offerStatus": null,
                    "productCodes": [
                        "101510754_ST",
                        "101510755_ST"
                    ],
                    "promotionTheme": {
                        "code": "Z062",
                        "visible": null
                    },
                    "lowestHistoricalPrice": {
                        "currencyIso": "SEK",
                        "value": 36.9,
                        "priceType": "BUY",
                        "formattedValue": "36,90 kr",
                        "minQuantity": null,
                        "maxQuantity": null
                    },
                    "textLabelGenerated": "",
                    "textLabelManual": null,
                    "price": {
                        "currencyIso": "SEK",
                        "value": 32.9,
                        "priceType": "BUY",
                        "formattedValue": "32,90 kr",
                        "minQuantity": null,
                        "maxQuantity": null
                    },
                    "promotionType": "MixMatchPricePromotion",
                    "conditionLabel": "Spara 4,00 kr/st",
                    "rewardLabel": "32,90/st",
                    "textLabel": "",
                    "redeemLimitLabel": "",
                    "cartLabel": null,
                    "validUntil": null,
                    "timesUsed": null,
                    "qualifyingCount": 1,
                    "comparePrice": "205,63 kr",
                    "splashTitleText": "",
                    "realMixAndMatch": false,
                    "mainProductCode": "101510754_ST",
                    "conditionLabelFormatted": "",
                    "promotionRedeemLimit": null,
                    "promotionPercentage": null,
                    "cartLabelFormatted": "",
                    "priority": 408,
                    "code": "2500269214"
                }
            ],
            "inactivePotentialPromotions": [],
            "priceValue": 36.9,
            "price": "36,90 kr",
            "image": {
                "imageType": "PRIMARY",
                "format": "product",
                "url": "https://assets.axfood.se/image/upload/f_auto,t_200/06416453047112_C1N1_s01",
                "altText": null,
                "galleryIndex": null,
                "width": null
            },
            "ranking": 280.87699398034,
            "depositPrice": "",
            "averageWeight": null,
            "comparePrice": "230,63 kr",
            "comparePriceUnit": "kg",
            "isDrugProduct": false,
            "solrSearchScore": 0.6426547169685364,
            "energyDeclaration": null,
            "newsSplashProduct": false,
            "notAllowedB2b": false,
            "notAllowedAnonymous": false,
            "productLine2": "FAZER, 160g",
            "pickupProductLine2": "FAZER, 160g",
            "priceUnit": "kr/st",
            "priceNoUnit": "36,90",
            "savingsAmount": 4.0,
            "googleAnalyticsCategory": "",
            "gdprTrackingIncompliant": false,
            "tobaccoProduct": false,
            "showGoodPriceIcon": false,
            "nicotineMedicalProduct": false,
            "tobaccoFreeNicotineProduct": false,
            "nonEkoProduct": false,
            "precautionaryStatements": [],
            "hazards": [],
            "labels": [],
            "seoDescription": "",
            "seoTitle": "",
            "manufacturer": "Fazer",
            "incrementValue": 1.0,
            "productBasketType": {
                "code": "ST",
                "type": "ProductBasketTypeEnum"
            },
            "bargainProduct": false,
            "addToCartMessage": "",
            "thumbnail": {
                "imageType": "PRIMARY",
                "format": "thumbnail",
                "url": "https://assets.axfood.se/image/upload/f_auto,t_100/06416453047112_C1N1_s01",
                "altText": null,
                "galleryIndex": null,
                "width": null
            },
            "outOfStock": false,
            "online": true,
            "displayVolume": "160g",
            "addToCartDisabled": false,
            "name": "Kina Snacks Röd Påse",
            "code": "101510754_ST"
        },
        {
            "potentialPromotions": [
                {
                    "threshold": null,
                    "applied": false,
                    "campaignType": "GENERAL",
                    "offerStatus": null,
                    "productCodes": [
                        "101448190_ST",
                        "101333643_ST",
                        "101333613_ST",
                        "101778334_ST"
                    ],
                    "promotionTheme": {
                        "code": "Z062",
                        "visible": null
                    },
                    "lowestHistoricalPrice": null,
                    "textLabelGenerated": "",
                    "textLabelManual": null,
                    "price": {
                        "currencyIso": "SEK",
                        "value": 9.0,
                        "priceType": "BUY",
                        "formattedValue": "9,00 kr",
                        "minQuantity": null,
                        "maxQuantity": null
                    },
                    "promotionType": "MixMatchPricePromotion",
                    "conditionLabel": "Välj & blanda! 2 för",
                    "rewardLabel": "18,00",
                    "textLabel": "",
                    "redeemLimitLabel": "",
                    "cartLabel": null,
                    "validUntil": null,
                    "timesUsed": null,
                    "qualifyingCount": 2,
                    "comparePrice": "257,14 kr",
                    "splashTitleText": "",
                    "realMixAndMatch": true,
                    "mainProductCode": "101448190_ST",
                    "conditionLabelFormatted": "2 för",
                    "promotionRedeemLimit": null,
                    "promotionPercentage": null,
                    "cartLabelFormatted": "",
                    "priority": 408,
                    "code": "2500262143"
                }
            ],
            "inactivePotentialPromotions": [],
            "priceValue": 10.9,
            "price": "10,90 kr",
            "image": {
                "imageType": "PRIMARY",
                "format": "product",
                "url": "https://assets.axfood.se/image/upload/f_auto,t_200/07350104402358_C1N1_s02",
                "altText": null,
                "galleryIndex": null,
                "width": null
            },
            "ranking": 280.87650273938,
            "depositPrice": "",
            "averageWeight": null,
            "comparePrice": "311,43 kr",
            "comparePriceUnit": "kg",
            "isDrugProduct": false,
            "solrSearchScore": 0.6426547169685364,
            "energyDeclaration": null,
            "newsSplashProduct": false,
            "notAllowedB2b": false,
            "notAllowedAnonymous": false,
            "productLine2": "NICK´S, 35g",
            "pickupProductLine2": "NICK´S, 35g",
            "priceUnit": "kr/st",
            "priceNoUnit": "10,90",
            "savingsAmount": 3.8,
            "googleAnalyticsCategory": "",
            "gdprTrackingIncompliant": false,
            "tobaccoProduct": false,
            "showGoodPriceIcon": false,
            "nicotineMedicalProduct": false,
            "tobaccoFreeNicotineProduct": false,
            "nonEkoProduct": false,
            "precautionaryStatements": [],
            "hazards": [],
            "labels": [
                "glutenfree"
            ],
            "seoDescription": "",
            "seoTitle": "",
            "manufacturer": "Nick´s",
            "incrementValue": 1.0,
            "productBasketType": {
                "code": "ST",
                "type": "ProductBasketTypeEnum"
            },
            "bargainProduct": false,
            "addToCartMessage": "",
            "thumbnail": {
                "imageType": "PRIMARY",
                "format": "thumbnail",
                "url": "https://assets.axfood.se/image/upload/f_auto,t_100/07350104402358_C1N1_s02",
                "altText": null,
                "galleryIndex": null,
                "width": null
            },
            "outOfStock": false,
            "online": true,
            "displayVolume": "35g",
            "addToCartDisabled": false,
            "name": "Wafer Chocolate",
            "code": "101448190_ST"
        },
        {
            "potentialPromotions": [
                {
                    "threshold": null,
                    "applied": false,
                    "campaignType": "GENERAL",
                    "offerStatus": null,
                    "productCodes": [
                        "101543381_ST",
                        "101543382_ST"
                    ],
                    "promotionTheme": {
                        "code": "Z062",
                        "visible": null
                    },
                    "lowestHistoricalPrice": {
                        "currencyIso": "SEK",
                        "value": 59.9,
                        "priceType": "BUY",
                        "formattedValue": "59,90 kr",
                        "minQuantity": null,
                        "maxQuantity": null
                    },
                    "textLabelGenerated": "",
                    "textLabelManual": null,
                    "price": {
                        "currencyIso": "SEK",
                        "value": 49.9,
                        "priceType": "BUY",
                        "formattedValue": "49,90 kr",
                        "minQuantity": null,
                        "maxQuantity": null
                    },
                    "promotionType": "MixMatchPricePromotion",
                    "conditionLabel": "Spara 10,00 kr/st",
                    "rewardLabel": "49,90/st",
                    "textLabel": "",
                    "redeemLimitLabel": "",
                    "cartLabel": null,
                    "validUntil": null,
                    "timesUsed": null,
                    "qualifyingCount": 1,
                    "comparePrice": "831,67 kr",
                    "splashTitleText": "",
                    "realMixAndMatch": false,
                    "mainProductCode": "101543381_ST",
                    "conditionLabelFormatted": "",
                    "promotionRedeemLimit": null,
                    "promotionPercentage": null,
                    "cartLabelFormatted": "",
                    "priority": 408,
                    "code": "2500268986"
                }
            ],
            "inactivePotentialPromotions": [],
            "priceValue": 59.9,
            "price": "59,90 kr",
            "image": {
                "imageType": "PRIMARY",
                "format": "product",
                "url": "https://assets.axfood.se/image/upload/f_auto,t_200/08717847067746_C1R1_s01",
                "altText": null,
                "galleryIndex": null,
                "width": null
            },
            "ranking": 280.87599168658,
            "depositPrice": "",
            "averageWeight": null,
            "comparePrice": "998,34 kr",
            "comparePriceUnit": "l",
            "isDrugProduct": false,
            "solrSearchScore": 0.6426547169685364,
            "energyDeclaration": null,
            "newsSplashProduct": false,
            "notAllowedB2b": false,
            "notAllowedAnonymous": false,
            "productLine2": "BOLSIUS, 60ml",
            "pickupProductLine2": "BOLSIUS, 60ml",
            "priceUnit": "kr/st",
            "priceNoUnit": "59,90",
            "savingsAmount": 10.0,
            "googleAnalyticsCategory": "",
            "gdprTrackingIncompliant": false,
            "tobaccoProduct": false,
            "showGoodPriceIcon": false,
            "nicotineMedicalProduct": false,
            "tobaccoFreeNicotineProduct": false,
            "nonEkoProduct": false,
            "precautionaryStatements": [],
            "hazards": [],
            "labels": [
                "danger",
                "exclamation_mark",
                "flame"
            ],
            "seoDescription": "",
            "seoTitle": "",
            "manufacturer": "Bolsius",
            "incrementValue": 1.0,
            "productBasketType": {
                "code": "ST",
                "type": "ProductBasketTypeEnum"
            },
            "bargainProduct": false,
            "addToCartMessage": "",
            "thumbnail": {
                "imageType": "PRIMARY",
                "format": "thumbnail",
                "url": "https://assets.axfood.se/image/upload/f_auto,t_100/08717847067746_C1R1_s01",
                "altText": null,
                "galleryIndex": null,
                "width": null
            },
            "outOfStock": false,
            "online": true,
            "displayVolume": "60ml",
            "addToCartDisabled": false,
            "name": "Doftspridare Fresh Cotton True Scents",
            "code": "101543381_ST"
        },
        {
            "potentialPromotions": [
                {
                    "threshold": null,
                    "applied": false,
                    "campaignType": "GENERAL",
                    "offerStatus": null,
                    "productCodes": [
                        "101345472_ST",
                        "101345471_ST",
                        "101544720_ST",
                        "101345470_ST",
                        "101357187_ST",
                        "101357190_ST"
                    ],
                    "promotionTheme": {
                        "code": "Z062",
                        "visible": null
                    },
                    "lowestHistoricalPrice": null,
                    "textLabelGenerated": "",
                    "textLabelManual": null,
                    "price": {
                        "currencyIso": "SEK",
                        "value": 33.0,
                        "priceType": "BUY",
                        "formattedValue": "33,00 kr",
                        "minQuantity": null,
                        "maxQuantity": null
                    },
                    "promotionType": "MixMatchPricePromotion",
                    "conditionLabel": "Välj & blanda! 3 för",
                    "rewardLabel": "99,00",
                    "textLabel": "",
                    "redeemLimitLabel": "",
                    "cartLabel": null,
                    "validUntil": null,
                    "timesUsed": null,
                    "qualifyingCount": 3,
                    "comparePrice": "3,30 kr",
                    "splashTitleText": "",
                    "realMixAndMatch": true,
                    "mainProductCode": "101345472_ST",
                    "conditionLabelFormatted": "3 för",
                    "promotionRedeemLimit": null,
                    "promotionPercentage": null,
                    "cartLabelFormatted": "",
                    "priority": 408,
                    "code": "2500269636"
                }
            ],
            "inactivePotentialPromotions": [],
            "priceValue": 41.9,
            "price": "41,90 kr",
            "image": {
                "imageType": "PRIMARY",
                "format": "product",
                "url": "https://assets.axfood.se/image/upload/f_auto,t_200/08000070053526_C1C1_s03",
                "altText": null,
                "galleryIndex": null,
                "width": null
            },
            "ranking": 280.8755106037,
            "depositPrice": "",
            "averageWeight": null,
            "comparePrice": "4,19 kr",
            "comparePriceUnit": "st",
            "isDrugProduct": false,
            "solrSearchScore": 0.6426547169685364,
            "energyDeclaration": null,
            "newsSplashProduct": false,
            "notAllowedB2b": false,
            "notAllowedAnonymous": false,
            "productLine2": "LAVAZZA, 10p",
            "pickupProductLine2": "LAVAZZA, 10p",
            "priceUnit": "kr/st",
            "priceNoUnit": "41,90",
            "savingsAmount": 26.7,
            "googleAnalyticsCategory": "",
            "gdprTrackingIncompliant": false,
            "tobaccoProduct": false,
            "showGoodPriceIcon": false,
            "nicotineMedicalProduct": false,
            "tobaccoFreeNicotineProduct": false,
            "nonEkoProduct": false,
            "precautionaryStatements": [],
            "hazards": [],
            "labels": [],
            "seoDescription": "",
            "seoTitle": "",
            "manufacturer": "Lavazza",
            "incrementValue": 1.0,
            "productBasketType": {
                "code": "ST",
                "type": "ProductBasketTypeEnum"
            },
            "bargainProduct": false,
            "addToCartMessage": "",
            "thumbnail": {
                "imageType": "PRIMARY",
                "format": "thumbnail",
                "url": "https://assets.axfood.se/image/upload/f_auto,t_100/08000070053526_C1C1_s03",
                "altText": null,
                "galleryIndex": null,
                "width": null
            },
            "outOfStock": false,
            "online": true,
            "displayVolume": "10p",
            "addToCartDisabled": false,
            "name": "Qualità Rossa Kaffekapslar",
            "code": "101345472_ST"
        },
        {
            "potentialPromotions": [
                {
                    "threshold": null,
                    "applied": false,
                    "campaignType": "GENERAL",
                    "offerStatus": null,
                    "productCodes": [
                        "101649567_ST"
                    ],
                    "promotionTheme": {
                        "code": "Z062",
                        "visible": null
                    },
                    "lowestHistoricalPrice": {
                        "currencyIso": "SEK",
                        "value": 29.9,
                        "priceType": "BUY",
                        "formattedValue": "29,90 kr",
                        "minQuantity": null,
                        "maxQuantity": null
                    },
                    "textLabelGenerated": "",
                    "textLabelManual": null,
                    "price": {
                        "currencyIso": "SEK",
                        "value": 29.9,
                        "priceType": "BUY",
                        "formattedValue": "29,90 kr",
                        "minQuantity": null,
                        "maxQuantity": null
                    },
                    "promotionType": "MixMatchPricePromotion",
                    "conditionLabel": "",
                    "rewardLabel": "29,90/st",
                    "textLabel": "",
                    "redeemLimitLabel": "",
                    "cartLabel": null,
                    "validUntil": null,
                    "timesUsed": null,
                    "qualifyingCount": 1,
                    "comparePrice": "119,60 kr",
                    "splashTitleText": "",
                    "realMixAndMatch": false,
                    "mainProductCode": "101649567_ST",
                    "conditionLabelFormatted": "",
                    "promotionRedeemLimit": null,
                    "promotionPercentage": null,
                    "cartLabelFormatted": "",
                    "priority": 408,
                    "code": "2500274661"
                }
            ],
            "inactivePotentialPromotions": [],
            "priceValue": 29.9,
            "price": "29,90 kr",
            "image": {
                "imageType": "PRIMARY",
                "format": "product",
                "url": "https://assets.axfood.se/image/upload/f_auto,t_200/07391814009109_C1L1_s01",
                "altText": null,
                "galleryIndex": null,
                "width": null
            },
            "ranking": 280.87499660178,
            "depositPrice": "",
            "averageWeight": null,
            "comparePrice": "119,60 kr",
            "comparePriceUnit": "kg",
            "isDrugProduct": false,
            "solrSearchScore": 0.6426547169685364,
            "energyDeclaration": null,
            "newsSplashProduct": false,
            "notAllowedB2b": false,
            "notAllowedAnonymous": false,
            "productLine2": "EXOTIC SNACKS, 250g",
            "pickupProductLine2": "EXOTIC SNACKS, 250g",
            "priceUnit": "kr/st",
            "priceNoUnit": "29,90",
            "savingsAmount": 0.0,
            "googleAnalyticsCategory": "",
            "gdprTrackingIncompliant": false,
            "tobaccoProduct": false,
            "showGoodPriceIcon": false,
            "nicotineMedicalProduct": false,
            "tobaccoFreeNicotineProduct": false,
            "nonEkoProduct": false,
            "precautionaryStatements": [],
            "hazards": [],
            "labels": [],
            "seoDescription": "",
            "seoTitle": "",
            "manufacturer": "Exotic Snacks",
            "incrementValue": 1.0,
            "productBasketType": {
                "code": "ST",
                "type": "ProductBasketTypeEnum"
            },
            "bargainProduct": true,
            "addToCartMessage": "",
            "thumbnail": {
                "imageType": "PRIMARY",
                "format": "thumbnail",
                "url": "https://assets.axfood.se/image/upload/f_auto,t_100/07391814009109_C1L1_s01",
                "altText": null,
                "galleryIndex": null,
                "width": null
            },
            "outOfStock": false,
            "online": true,
            "displayVolume": "250g",
            "addToCartDisabled": false,
            "name": "Valnötter Naturella",
            "code": "101649567_ST"
        },
        {
            "potentialPromotions": [
                {
                    "threshold": null,
                    "applied": false,
                    "campaignType": "GENERAL",
                    "offerStatus": null,
                    "productCodes": [
                        "101353275_ST"
                    ],
                    "promotionTheme": {
                        "code": "Z062",
                        "visible": null
                    },
                    "lowestHistoricalPrice": {
                        "currencyIso": "SEK",
                        "value": 11.5,
                        "priceType": "BUY",
                        "formattedValue": "11,50 kr",
                        "minQuantity": null,
                        "maxQuantity": null
                    },
                    "textLabelGenerated": "",
                    "textLabelManual": null,
                    "price": {
                        "currencyIso": "SEK",
                        "value": 9.9,
                        "priceType": "BUY",
                        "formattedValue": "9,90 kr",
                        "minQuantity": null,
                        "maxQuantity": null
                    },
                    "promotionType": "MixMatchPricePromotion",
                    "conditionLabel": "Spara 2,00 kr/st",
                    "rewardLabel": "9,90/st",
                    "textLabel": "",
                    "redeemLimitLabel": "",
                    "cartLabel": null,
                    "validUntil": null,
                    "timesUsed": null,
                    "qualifyingCount": 1,
                    "comparePrice": "0,14 kr",
                    "splashTitleText": "",
                    "realMixAndMatch": false,
                    "mainProductCode": "101353275_ST",
                    "conditionLabelFormatted": "",
                    "promotionRedeemLimit": null,
                    "promotionPercentage": null,
                    "cartLabelFormatted": "",
                    "priority": 408,
                    "code": "2500262334"
                }
            ],
            "inactivePotentialPromotions": [],
            "priceValue": 11.9,
            "price": "11,90 kr",
            "image": {
                "imageType": "PRIMARY",
                "format": "product",
                "url": "https://assets.axfood.se/image/upload/f_auto,t_200/07340083492488_C1N1_s01",
                "altText": null,
                "galleryIndex": null,
                "width": null
            },
            "ranking": 280.87450503314,
            "depositPrice": "",
            "averageWeight": null,
            "comparePrice": "0,17 kr",
            "comparePriceUnit": "st",
            "isDrugProduct": false,
            "solrSearchScore": 0.6426547169685364,
            "energyDeclaration": null,
            "newsSplashProduct": false,
            "notAllowedB2b": false,
            "notAllowedAnonymous": false,
            "productLine2": "ELDORADO, 72p",
            "pickupProductLine2": "ELDORADO, 72p",
            "priceUnit": "kr/st",
            "priceNoUnit": "11,90",
            "savingsAmount": 2.0,
            "googleAnalyticsCategory": "",
            "gdprTrackingIncompliant": false,
            "tobaccoProduct": false,
            "showGoodPriceIcon": false,
            "nicotineMedicalProduct": false,
            "tobaccoFreeNicotineProduct": false,
            "nonEkoProduct": false,
            "precautionaryStatements": [],
            "hazards": [],
            "labels": [
                "swan",
                "allergy_approved",
                "environmental_facet"
            ],
            "seoDescription": "",
            "seoTitle": "",
            "manufacturer": "Eldorado",
            "incrementValue": 1.0,
            "productBasketType": {
                "code": "ST",
                "type": "ProductBasketTypeEnum"
            },
            "bargainProduct": false,
            "addToCartMessage": "",
            "thumbnail": {
                "imageType": "PRIMARY",
                "format": "thumbnail",
                "url": "https://assets.axfood.se/image/upload/f_auto,t_100/07340083492488_C1N1_s01",
                "altText": null,
                "galleryIndex": null,
                "width": null
            },
            "outOfStock": false,
            "online": true,
            "displayVolume": "72p",
            "addToCartDisabled": false,
            "name": "Våtservetter Baby Oparfymerade",
            "code": "101353275_ST"
        },
        {
            "potentialPromotions": [
                {
                    "threshold": null,
                    "applied": false,
                    "campaignType": "GENERAL",
                    "offerStatus": null,
                    "productCodes": [
                        "101664927_ST",
                        "101666760_ST",
                        "101666761_ST",
                        "101663966_ST"
                    ],
                    "promotionTheme": {
                        "code": "Z062",
                        "visible": null
                    },
                    "lowestHistoricalPrice": {
                        "currencyIso": "SEK",
                        "value": 29.9,
                        "priceType": "BUY",
                        "formattedValue": "29,90 kr",
                        "minQuantity": null,
                        "maxQuantity": null
                    },
                    "textLabelGenerated": "",
                    "textLabelManual": null,
                    "price": {
                        "currencyIso": "SEK",
                        "value": 26.9,
                        "priceType": "BUY",
                        "formattedValue": "26,90 kr",
                        "minQuantity": null,
                        "maxQuantity": null
                    },
                    "promotionType": "MixMatchPricePromotion",
                    "conditionLabel": "Spara 3,00 kr/st",
                    "rewardLabel": "26,90/st",
                    "textLabel": "",
                    "redeemLimitLabel": "",
                    "cartLabel": null,
                    "validUntil": null,
                    "timesUsed": null,
                    "qualifyingCount": 1,
                    "comparePrice": "336,25 kr",
                    "splashTitleText": "",
                    "realMixAndMatch": false,
                    "mainProductCode": "101664927_ST",
                    "conditionLabelFormatted": "",
                    "promotionRedeemLimit": null,
                    "promotionPercentage": null,
                    "cartLabelFormatted": "",
                    "priority": 408,
                    "code": "2500269090"
                }
            ],
            "inactivePotentialPromotions": [],
            "priceValue": 29.9,
            "price": "29,90 kr",
            "image": {
                "imageType": "PRIMARY",
                "format": "product",
                "url": "https://assets.axfood.se/image/upload/f_auto,t_200/05774540137506_C1N1_s01",
                "altText": null,
                "galleryIndex": null,
                "width": null
            },
            "ranking": 280.87399561874,
            "depositPrice": "",
            "averageWeight": null,
            "comparePrice": "373,75 kr",
            "comparePriceUnit": "kg",
            "isDrugProduct": false,
            "solrSearchScore": 0.6426547169685364,
            "energyDeclaration": null,
            "newsSplashProduct": false,
            "notAllowedB2b": false,
            "notAllowedAnonymous": false,
            "productLine2": "ANTHON BERG, 80g",
            "pickupProductLine2": "ANTHON BERG, 80g",
            "priceUnit": "kr/st",
            "priceNoUnit": "29,90",
            "savingsAmount": 3.0,
            "googleAnalyticsCategory": "",
            "gdprTrackingIncompliant": false,
            "tobaccoProduct": false,
            "showGoodPriceIcon": false,
            "nicotineMedicalProduct": false,
            "tobaccoFreeNicotineProduct": false,
            "nonEkoProduct": false,
            "precautionaryStatements": [],
            "hazards": [],
            "labels": [
                "rainforest_alliance",
                "environmental_facet"
            ],
            "seoDescription": "",
            "seoTitle": "",
            "manufacturer": "Anthon Berg",
            "incrementValue": 1.0,
            "productBasketType": {
                "code": "ST",
                "type": "ProductBasketTypeEnum"
            },
            "bargainProduct": false,
            "addToCartMessage": "",
            "thumbnail": {
                "imageType": "PRIMARY",
                "format": "thumbnail",
                "url": "https://assets.axfood.se/image/upload/f_auto,t_100/05774540137506_C1N1_s01",
                "altText": null,
                "galleryIndex": null,
                "width": null
            },
            "outOfStock": false,
            "online": true,
            "displayVolume": "80g",
            "addToCartDisabled": false,
            "name": "Dark 70% Rich Chocolate",
            "code": "101664927_ST"
        },
        {
            "potentialPromotions": [
                {
                    "threshold": null,
                    "applied": false,
                    "campaignType": "GENERAL",
                    "offerStatus": null,
                    "productCodes": [
                        "101804724_ST"
                    ],
                    "promotionTheme": {
                        "code": "Z062",
                        "visible": null
                    },
                    "lowestHistoricalPrice": {
                        "currencyIso": "SEK",
                        "value": 38.9,
                        "priceType": "BUY",
                        "formattedValue": "38,90 kr",
                        "minQuantity": null,
                        "maxQuantity": null
                    },
                    "textLabelGenerated": "",
                    "textLabelManual": null,
                    "price": {
                        "currencyIso": "SEK",
                        "value": 33.9,
                        "priceType": "BUY",
                        "formattedValue": "33,90 kr",
                        "minQuantity": null,
                        "maxQuantity": null
                    },
                    "promotionType": "MixMatchPricePromotion",
                    "conditionLabel": "Spara 5,00 kr/st",
                    "rewardLabel": "33,90/st",
                    "textLabel": "",
                    "redeemLimitLabel": "",
                    "cartLabel": null,
                    "validUntil": null,
                    "timesUsed": null,
                    "qualifyingCount": 1,
                    "comparePrice": "150,67 kr",
                    "splashTitleText": "",
                    "realMixAndMatch": false,
                    "mainProductCode": "101426807_ST",
                    "conditionLabelFormatted": "",
                    "promotionRedeemLimit": null,
                    "promotionPercentage": null,
                    "cartLabelFormatted": "",
                    "priority": 408,
                    "code": "2500262487"
                }
            ],
            "inactivePotentialPromotions": [],
            "priceValue": 38.9,
            "price": "38,90 kr",
            "image": {
                "imageType": "PRIMARY",
                "format": "product",
                "url": "https://assets.axfood.se/image/upload/f_auto,t_200/08008698048634_C1N1_s01",
                "altText": null,
                "galleryIndex": null,
                "width": null
            },
            "ranking": 280.87350536082,
            "depositPrice": "",
            "averageWeight": null,
            "comparePrice": "172,89 kr",
            "comparePriceUnit": "kg",
            "isDrugProduct": false,
            "solrSearchScore": 0.6426547169685364,
            "energyDeclaration": null,
            "newsSplashProduct": false,
            "notAllowedB2b": false,
            "notAllowedAnonymous": false,
            "productLine2": "SCHÄR, 225g",
            "pickupProductLine2": "SCHÄR, 225g",
            "priceUnit": "kr/st",
            "priceNoUnit": "38,90",
            "savingsAmount": 5.0,
            "googleAnalyticsCategory": "",
            "gdprTrackingIncompliant": false,
            "tobaccoProduct": false,
            "showGoodPriceIcon": false,
            "nicotineMedicalProduct": false,
            "tobaccoFreeNicotineProduct": false,
            "nonEkoProduct": false,
            "precautionaryStatements": [],
            "hazards": [],
            "labels": [
                "keyhole",
                "crossed_ax",
                "glutenfree",
                "laktosfree"
            ],
            "seoDescription": "",
            "seoTitle": "",
            "manufacturer": "Schär",
            "incrementValue": 1.0,
            "productBasketType": {
                "code": "ST",
                "type": "ProductBasketTypeEnum"
            },
            "bargainProduct": false,
            "addToCartMessage": "",
            "thumbnail": {
                "imageType": "PRIMARY",
                "format": "thumbnail",
                "url": "https://assets.axfood.se/image/upload/f_auto,t_100/08008698048634_C1N1_s01",
                "altText": null,
                "galleryIndex": null,
                "width": null
            },
            "outOfStock": false,
            "online": true,
            "displayVolume": "225g",
            "addToCartDisabled": false,
            "name": "Powerknäcke Glutenfri",
            "code": "101804724_ST"
        },
        {
            "potentialPromotions": [
                {
                    "threshold": null,
                    "applied": false,
                    "campaignType": "GENERAL",
                    "offerStatus": null,
                    "productCodes": [
                        "101692725_ST",
                        "101692712_ST",
                        "101692724_ST"
                    ],
                    "promotionTheme": {
                        "code": "Z062",
                        "visible": null
                    },
                    "lowestHistoricalPrice": {
                        "currencyIso": "SEK",
                        "value": 62.9,
                        "priceType": "BUY",
                        "formattedValue": "62,90 kr",
                        "minQuantity": null,
                        "maxQuantity": null
                    },
                    "textLabelGenerated": "",
                    "textLabelManual": null,
                    "price": {
                        "currencyIso": "SEK",
                        "value": 54.9,
                        "priceType": "BUY",
                        "formattedValue": "54,90 kr",
                        "minQuantity": null,
                        "maxQuantity": null
                    },
                    "promotionType": "MixMatchPricePromotion",
                    "conditionLabel": "Spara 8,00 kr/st",
                    "rewardLabel": "54,90/st",
                    "textLabel": "",
                    "redeemLimitLabel": "",
                    "cartLabel": null,
                    "validUntil": null,
                    "timesUsed": null,
                    "qualifyingCount": 1,
                    "comparePrice": "5,49 kr",
                    "splashTitleText": "",
                    "realMixAndMatch": false,
                    "mainProductCode": "101692725_ST",
                    "conditionLabelFormatted": "",
                    "promotionRedeemLimit": null,
                    "promotionPercentage": null,
                    "cartLabelFormatted": "",
                    "priority": 408,
                    "code": "2500273133"
                }
            ],
            "inactivePotentialPromotions": [],
            "priceValue": 62.9,
            "price": "62,90 kr",
            "image": {
                "imageType": "PRIMARY",
                "format": "product",
                "url": "https://assets.axfood.se/image/upload/f_auto,t_200/08700216717861_C1N1_s01",
                "altText": null,
                "galleryIndex": null,
                "width": null
            },
            "ranking": 280.87299332498,
            "depositPrice": "",
            "averageWeight": null,
            "comparePrice": "6,29 kr",
            "comparePriceUnit": "st",
            "isDrugProduct": false,
            "solrSearchScore": 0.6426547169685364,
            "energyDeclaration": null,
            "newsSplashProduct": false,
            "notAllowedB2b": false,
            "notAllowedAnonymous": false,
            "productLine2": "SWIFFER, 10st",
            "pickupProductLine2": "SWIFFER, 10st",
            "priceUnit": "kr/st",
            "priceNoUnit": "62,90",
            "savingsAmount": 8.0,
            "googleAnalyticsCategory": "",
            "gdprTrackingIncompliant": false,
            "tobaccoProduct": false,
            "showGoodPriceIcon": false,
            "nicotineMedicalProduct": false,
            "tobaccoFreeNicotineProduct": false,
            "nonEkoProduct": false,
            "precautionaryStatements": [],
            "hazards": [],
            "labels": [],
            "seoDescription": "",
            "seoTitle": "",
            "manufacturer": "Swiffer",
            "incrementValue": 1.0,
            "productBasketType": {
                "code": "ST",
                "type": "ProductBasketTypeEnum"
            },
            "bargainProduct": false,
            "addToCartMessage": "",
            "thumbnail": {
                "imageType": "PRIMARY",
                "format": "thumbnail",
                "url": "https://assets.axfood.se/image/upload/f_auto,t_100/08700216717861_C1N1_s01",
                "altText": null,
                "galleryIndex": null,
                "width": null
            },
            "outOfStock": false,
            "online": true,
            "displayVolume": "10st",
            "addToCartDisabled": false,
            "name": "Refill Våt Citron",
            "code": "101692725_ST"
        },
        {
            "potentialPromotions": [
                {
                    "threshold": null,
                    "applied": false,
                    "campaignType": "GENERAL",
                    "offerStatus": null,
                    "productCodes": [
                        "101435437_ST"
                    ],
                    "promotionTheme": {
                        "code": "Z062",
                        "visible": null
                    },
                    "lowestHistoricalPrice": {
                        "currencyIso": "SEK",
                        "value": 24.9,
                        "priceType": "BUY",
                        "formattedValue": "24,90 kr",
                        "minQuantity": null,
                        "maxQuantity": null
                    },
                    "textLabelGenerated": "",
                    "textLabelManual": null,
                    "price": {
                        "currencyIso": "SEK",
                        "value": 21.8,
                        "priceType": "BUY",
                        "formattedValue": "21,80 kr",
                        "minQuantity": null,
                        "maxQuantity": null
                    },
                    "promotionType": "MixMatchPricePromotion",
                    "conditionLabel": "Spara 3,10 kr/st",
                    "rewardLabel": "21,80/st",
                    "textLabel": "",
                    "redeemLimitLabel": "",
                    "cartLabel": null,
                    "validUntil": null,
                    "timesUsed": null,
                    "qualifyingCount": 1,
                    "comparePrice": "10,90 kr",
                    "splashTitleText": "",
                    "realMixAndMatch": false,
                    "mainProductCode": "101435437_ST",
                    "conditionLabelFormatted": "",
                    "promotionRedeemLimit": null,
                    "promotionPercentage": null,
                    "cartLabelFormatted": "",
                    "priority": 408,
                    "code": "2500262521"
                }
            ],
            "inactivePotentialPromotions": [],
            "priceValue": 24.9,
            "price": "24,90 kr",
            "image": {
                "imageType": "PRIMARY",
                "format": "product",
                "url": "https://assets.axfood.se/image/upload/f_auto,t_200/07311043000555_C1L1_s01",
                "altText": null,
                "galleryIndex": null,
                "width": null
            },
            "ranking": 280.87250601618,
            "depositPrice": "",
            "averageWeight": null,
            "comparePrice": "12,45 kr",
            "comparePriceUnit": "kg",
            "isDrugProduct": false,
            "solrSearchScore": 0.6426547169685364,
            "energyDeclaration": null,
            "newsSplashProduct": false,
            "notAllowedB2b": false,
            "notAllowedAnonymous": false,
            "productLine2": "GARANT EKO, 2kg",
            "pickupProductLine2": "GARANT EKO, 2kg",
            "priceUnit": "kr/st",
            "priceNoUnit": "24,90",
            "savingsAmount": 3.1,
            "googleAnalyticsCategory": "",
            "gdprTrackingIncompliant": false,
            "tobaccoProduct": false,
            "showGoodPriceIcon": false,
            "nicotineMedicalProduct": false,
            "tobaccoFreeNicotineProduct": false,
            "nonEkoProduct": false,
            "precautionaryStatements": [],
            "hazards": [],
            "labels": [
                "ecological",
                "krav",
                "swedish_flag",
                "from_sweden",
                "eu_ecological"
            ],
            "seoDescription": "",
            "seoTitle": "",
            "manufacturer": "Garant Eko",
            "incrementValue": 1.0,
            "productBasketType": {
                "code": "ST",
                "type": "ProductBasketTypeEnum"
            },
            "bargainProduct": false,
            "addToCartMessage": "",
            "thumbnail": {
                "imageType": "PRIMARY",
                "format": "thumbnail",
                "url": "https://assets.axfood.se/image/upload/f_auto,t_100/07311043000555_C1L1_s01",
                "altText": null,
                "galleryIndex": null,
                "width": null
            },
            "outOfStock": false,
            "online": true,
            "displayVolume": "2kg",
            "addToCartDisabled": false,
            "name": "Vetemjöl Ekologiskt",
            "code": "101435437_ST"
        },
        {
            "potentialPromotions": [
                {
                    "threshold": null,
                    "applied": false,
                    "campaignType": "GENERAL",
                    "offerStatus": null,
                    "productCodes": [
                        "101704574_ST",
                        "101704575_ST"
                    ],
                    "promotionTheme": {
                        "code": "Z062",
                        "visible": null
                    },
                    "lowestHistoricalPrice": {
                        "currencyIso": "SEK",
                        "value": 21.9,
                        "priceType": "BUY",
                        "formattedValue": "21,90 kr",
                        "minQuantity": null,
                        "maxQuantity": null
                    },
                    "textLabelGenerated": "",
                    "textLabelManual": null,
                    "price": {
                        "currencyIso": "SEK",
                        "value": 19.9,
                        "priceType": "BUY",
                        "formattedValue": "19,90 kr",
                        "minQuantity": null,
                        "maxQuantity": null
                    },
                    "promotionType": "MixMatchPricePromotion",
                    "conditionLabel": "Spara 2,00 kr/st",
                    "rewardLabel": "19,90/st",
                    "textLabel": "",
                    "redeemLimitLabel": "",
                    "cartLabel": null,
                    "validUntil": null,
                    "timesUsed": null,
                    "qualifyingCount": 1,
                    "comparePrice": "1,00 kr",
                    "splashTitleText": "",
                    "realMixAndMatch": false,
                    "mainProductCode": "101704574_ST",
                    "conditionLabelFormatted": "",
                    "promotionRedeemLimit": null,
                    "promotionPercentage": null,
                    "cartLabelFormatted": "",
                    "priority": 408,
                    "code": "2500274680"
                }
            ],
            "inactivePotentialPromotions": [],
            "priceValue": 21.9,
            "price": "21,90 kr",
            "image": {
                "imageType": "PRIMARY",
                "format": "product",
                "url": "https://assets.axfood.se/image/upload/f_auto,t_200/07311043017690_C1N1_s01",
                "altText": null,
                "galleryIndex": null,
                "width": null
            },
            "ranking": 280.87199725714,
            "depositPrice": "",
            "averageWeight": null,
            "comparePrice": "1,10 kr",
            "comparePriceUnit": "st",
            "isDrugProduct": false,
            "solrSearchScore": 0.6426547169685364,
            "energyDeclaration": null,
            "newsSplashProduct": false,
            "notAllowedB2b": false,
            "notAllowedAnonymous": false,
            "productLine2": "FIXA, 20p",
            "pickupProductLine2": "FIXA, 20p",
            "priceUnit": "kr/st",
            "priceNoUnit": "21,90",
            "savingsAmount": 2.0,
            "googleAnalyticsCategory": "",
            "gdprTrackingIncompliant": false,
            "tobaccoProduct": false,
            "showGoodPriceIcon": false,
            "nicotineMedicalProduct": false,
            "tobaccoFreeNicotineProduct": false,
            "nonEkoProduct": false,
            "precautionaryStatements": [],
            "hazards": [],
            "labels": [
                "swan",
                "environmental_facet"
            ],
            "seoDescription": "",
            "seoTitle": "",
            "manufacturer": "Fixa",
            "incrementValue": 1.0,
            "productBasketType": {
                "code": "ST",
                "type": "ProductBasketTypeEnum"
            },
            "bargainProduct": false,
            "addToCartMessage": "",
            "thumbnail": {
                "imageType": "PRIMARY",
                "format": "thumbnail",
                "url": "https://assets.axfood.se/image/upload/f_auto,t_100/07311043017690_C1N1_s01",
                "altText": null,
                "galleryIndex": null,
                "width": null
            },
            "outOfStock": false,
            "online": true,
            "displayVolume": "20p",
            "addToCartDisabled": false,
            "name": "Servett Gran 3-lags 33cm",
            "code": "101704574_ST"
        },
        {
            "potentialPromotions": [
                {
                    "threshold": null,
                    "applied": false,
                    "campaignType": "GENERAL",
                    "offerStatus": null,
                    "productCodes": [
                        "101501308_ST"
                    ],
                    "promotionTheme": {
                        "code": "Z062",
                        "visible": null
                    },
                    "lowestHistoricalPrice": null,
                    "textLabelGenerated": "",
                    "textLabelManual": null,
                    "price": {
                        "currencyIso": "SEK",
                        "value": 17.5,
                        "priceType": "BUY",
                        "formattedValue": "17,50 kr",
                        "minQuantity": null,
                        "maxQuantity": null
                    },
                    "promotionType": "MixMatchPricePromotion",
                    "conditionLabel": "2 för",
                    "rewardLabel": "35,00",
                    "textLabel": "",
                    "redeemLimitLabel": "",
                    "cartLabel": null,
                    "validUntil": null,
                    "timesUsed": null,
                    "qualifyingCount": 2,
                    "comparePrice": "2,19 kr",
                    "splashTitleText": "",
                    "realMixAndMatch": false,
                    "mainProductCode": "101501308_ST",
                    "conditionLabelFormatted": "",
                    "promotionRedeemLimit": null,
                    "promotionPercentage": null,
                    "cartLabelFormatted": "",
                    "priority": 408,
                    "code": "2500262535"
                }
            ],
            "inactivePotentialPromotions": [],
            "priceValue": 19.9,
            "price": "19,90 kr",
            "image": {
                "imageType": "PRIMARY",
                "format": "product",
                "url": "https://assets.axfood.se/image/upload/f_auto,t_200/07311043004270_C1L1_s02",
                "altText": null,
                "galleryIndex": null,
                "width": null
            },
            "ranking": 280.8715089653,
            "depositPrice": "",
            "averageWeight": null,
            "comparePrice": "2,49 kr",
            "comparePriceUnit": "st",
            "isDrugProduct": false,
            "solrSearchScore": 0.6426547169685364,
            "energyDeclaration": null,
            "newsSplashProduct": false,
            "notAllowedB2b": false,
            "notAllowedAnonymous": false,
            "productLine2": "FIXA, 8st",
            "pickupProductLine2": "FIXA, 8st",
            "priceUnit": "kr/st",
            "priceNoUnit": "19,90",
            "savingsAmount": 4.8,
            "googleAnalyticsCategory": "",
            "gdprTrackingIncompliant": false,
            "tobaccoProduct": false,
            "showGoodPriceIcon": false,
            "nicotineMedicalProduct": false,
            "tobaccoFreeNicotineProduct": false,
            "nonEkoProduct": false,
            "precautionaryStatements": [],
            "hazards": [],
            "labels": [],
            "seoDescription": "",
            "seoTitle": "",
            "manufacturer": "Fixa",
            "incrementValue": 1.0,
            "productBasketType": {
                "code": "ST",
                "type": "ProductBasketTypeEnum"
            },
            "bargainProduct": false,
            "addToCartMessage": "",
            "thumbnail": {
                "imageType": "PRIMARY",
                "format": "thumbnail",
                "url": "https://assets.axfood.se/image/upload/f_auto,t_100/07311043004270_C1L1_s02",
                "altText": null,
                "galleryIndex": null,
                "width": null
            },
            "outOfStock": false,
            "online": true,
            "displayVolume": "8st",
            "addToCartDisabled": false,
            "name": "Sopsäck Knyt 125l Svart",
            "code": "101501308_ST"
        },
        {
            "potentialPromotions": [
                {
                    "threshold": null,
                    "applied": false,
                    "campaignType": "GENERAL",
                    "offerStatus": null,
                    "productCodes": [
                        "101802915_ST",
                        "101802916_ST",
                        "101802917_ST"
                    ],
                    "promotionTheme": {
                        "code": "Z062",
                        "visible": null
                    },
                    "lowestHistoricalPrice": {
                        "currencyIso": "SEK",
                        "value": 43.9,
                        "priceType": "BUY",
                        "formattedValue": "43,90 kr",
                        "minQuantity": null,
                        "maxQuantity": null
                    },
                    "textLabelGenerated": "",
                    "textLabelManual": null,
                    "price": {
                        "currencyIso": "SEK",
                        "value": 32.9,
                        "priceType": "BUY",
                        "formattedValue": "32,90 kr",
                        "minQuantity": null,
                        "maxQuantity": null
                    },
                    "promotionType": "MixMatchPricePromotion",
                    "conditionLabel": "Spara 11,00 kr/st",
                    "rewardLabel": "32,90/st",
                    "textLabel": "",
                    "redeemLimitLabel": "",
                    "cartLabel": null,
                    "validUntil": null,
                    "timesUsed": null,
                    "qualifyingCount": 1,
                    "comparePrice": "91,39 kr",
                    "splashTitleText": "",
                    "realMixAndMatch": false,
                    "mainProductCode": "101802915_ST",
                    "conditionLabelFormatted": "",
                    "promotionRedeemLimit": null,
                    "promotionPercentage": null,
                    "cartLabelFormatted": "",
                    "priority": 408,
                    "code": "2500270577"
                }
            ],
            "inactivePotentialPromotions": [],
            "priceValue": 43.9,
            "price": "43,90 kr",
            "image": {
                "imageType": "PRIMARY",
                "format": "product",
                "url": "https://assets.axfood.se/image/upload/f_auto,t_200/07311312009203_C1N1_s01",
                "altText": null,
                "galleryIndex": null,
                "width": null
            },
            "ranking": 280.8709946357,
            "depositPrice": "",
            "averageWeight": null,
            "comparePrice": "121,95 kr",
            "comparePriceUnit": "kg",
            "isDrugProduct": false,
            "solrSearchScore": 0.6426547169685364,
            "energyDeclaration": null,
            "newsSplashProduct": false,
            "notAllowedB2b": false,
            "notAllowedAnonymous": false,
            "productLine2": "SANTA MARIA, 360g",
            "pickupProductLine2": "SANTA MARIA, 360g",
            "priceUnit": "kr/st",
            "priceNoUnit": "43,90",
            "savingsAmount": 11.0,
            "googleAnalyticsCategory": "",
            "gdprTrackingIncompliant": false,
            "tobaccoProduct": false,
            "showGoodPriceIcon": false,
            "nicotineMedicalProduct": false,
            "tobaccoFreeNicotineProduct": false,
            "nonEkoProduct": false,
            "precautionaryStatements": [],
            "hazards": [],
            "labels": [],
            "seoDescription": "",
            "seoTitle": "",
            "manufacturer": "Santa Maria",
            "incrementValue": 1.0,
            "productBasketType": {
                "code": "ST",
                "type": "ProductBasketTypeEnum"
            },
            "bargainProduct": false,
            "addToCartMessage": "",
            "thumbnail": {
                "imageType": "PRIMARY",
                "format": "thumbnail",
                "url": "https://assets.axfood.se/image/upload/f_auto,t_100/07311312009203_C1N1_s01",
                "altText": null,
                "galleryIndex": null,
                "width": null
            },
            "outOfStock": false,
            "online": true,
            "displayVolume": "360g",
            "addToCartDisabled": false,
            "name": "Tikka Massala Spice Sauce",
            "code": "101802915_ST"
        },
        {
            "potentialPromotions": [
                {
                    "threshold": null,
                    "applied": false,
                    "campaignType": "GENERAL",
                    "offerStatus": null,
                    "productCodes": [
                        "101513687_ST",
                        "101513702_ST"
                    ],
                    "promotionTheme": {
                        "code": "Z062",
                        "visible": null
                    },
                    "lowestHistoricalPrice": {
                        "currencyIso": "SEK",
                        "value": 115.0,
                        "priceType": "BUY",
                        "formattedValue": "115,00 kr",
                        "minQuantity": null,
                        "maxQuantity": null
                    },
                    "textLabelGenerated": "",
                    "textLabelManual": null,
                    "price": {
                        "currencyIso": "SEK",
                        "value": 99.0,
                        "priceType": "BUY",
                        "formattedValue": "99,00 kr",
                        "minQuantity": null,
                        "maxQuantity": null
                    },
                    "promotionType": "MixMatchPricePromotion",
                    "conditionLabel": "Spara 16,00 kr/st",
                    "rewardLabel": "99,00/st",
                    "textLabel": "",
                    "redeemLimitLabel": "",
                    "cartLabel": null,
                    "validUntil": null,
                    "timesUsed": null,
                    "qualifyingCount": 1,
                    "comparePrice": "1,77 kr",
                    "splashTitleText": "",
                    "realMixAndMatch": false,
                    "mainProductCode": "101513687_ST",
                    "conditionLabelFormatted": "",
                    "promotionRedeemLimit": null,
                    "promotionPercentage": null,
                    "cartLabelFormatted": "",
                    "priority": 408,
                    "code": "2500262347"
                }
            ],
            "inactivePotentialPromotions": [],
            "priceValue": 115.0,
            "price": "115,00 kr",
            "image": {
                "imageType": "PRIMARY",
                "format": "product",
                "url": "https://assets.axfood.se/image/upload/f_auto,t_200/08720181411892_C1N1_s02",
                "altText": null,
                "galleryIndex": null,
                "width": null
            },
            "ranking": 280.87050372242,
            "depositPrice": "",
            "averageWeight": null,
            "comparePrice": "2,06 kr",
            "comparePriceUnit": "tvätt",
            "isDrugProduct": false,
            "solrSearchScore": 0.6426547169685364,
            "energyDeclaration": null,
            "newsSplashProduct": false,
            "notAllowedB2b": false,
            "notAllowedAnonymous": false,
            "productLine2": "VIA, 2,25l",
            "pickupProductLine2": "VIA, 2,25l",
            "priceUnit": "kr/st",
            "priceNoUnit": "115,00",
            "savingsAmount": 16.0,
            "googleAnalyticsCategory": "",
            "gdprTrackingIncompliant": false,
            "tobaccoProduct": false,
            "showGoodPriceIcon": false,
            "nicotineMedicalProduct": false,
            "tobaccoFreeNicotineProduct": false,
            "nonEkoProduct": false,
            "precautionaryStatements": [],
            "hazards": [],
            "labels": [
                "eu_flower",
                "warning",
                "exclamation_mark",
                "environmental_facet"
            ],
            "seoDescription": "",
            "seoTitle": "",
            "manufacturer": "Via",
            "incrementValue": 1.0,
            "productBasketType": {
                "code": "ST",
                "type": "ProductBasketTypeEnum"
            },
            "bargainProduct": false,
            "addToCartMessage": "",
            "thumbnail": {
                "imageType": "PRIMARY",
                "format": "thumbnail",
                "url": "https://assets.axfood.se/image/upload/f_auto,t_100/08720181411892_C1N1_s02",
                "altText": null,
                "galleryIndex": null,
                "width": null
            },
            "outOfStock": false,
            "online": true,
            "displayVolume": "2,25l",
            "addToCartDisabled": false,
            "name": "Color Flytande 56 Tvättar Tvättmedel",
            "code": "101513687_ST"
        },
        {
            "potentialPromotions": [
                {
                    "threshold": null,
                    "applied": false,
                    "campaignType": "GENERAL",
                    "offerStatus": null,
                    "productCodes": [
                        "101523022_ST",
                        "101523039_ST"
                    ],
                    "promotionTheme": {
                        "code": "Z062",
                        "visible": null
                    },
                    "lowestHistoricalPrice": {
                        "currencyIso": "SEK",
                        "value": 46.9,
                        "priceType": "BUY",
                        "formattedValue": "46,90 kr",
                        "minQuantity": null,
                        "maxQuantity": null
                    },
                    "textLabelGenerated": "",
                    "textLabelManual": null,
                    "price": {
                        "currencyIso": "SEK",
                        "value": 39.9,
                        "priceType": "BUY",
                        "formattedValue": "39,90 kr",
                        "minQuantity": null,
                        "maxQuantity": null
                    },
                    "promotionType": "MixMatchPricePromotion",
                    "conditionLabel": "Spara 7,00 kr/st",
                    "rewardLabel": "39,90/st",
                    "textLabel": "",
                    "redeemLimitLabel": "",
                    "cartLabel": null,
                    "validUntil": null,
                    "timesUsed": null,
                    "qualifyingCount": 1,
                    "comparePrice": "1,60 kr",
                    "splashTitleText": "",
                    "realMixAndMatch": false,
                    "mainProductCode": "101523022_ST",
                    "conditionLabelFormatted": "",
                    "promotionRedeemLimit": null,
                    "promotionPercentage": null,
                    "cartLabelFormatted": "",
                    "priority": 408,
                    "code": "2500262345"
                }
            ],
            "inactivePotentialPromotions": [],
            "priceValue": 46.9,
            "price": "46,90 kr",
            "image": {
                "imageType": "PRIMARY",
                "format": "product",
                "url": "https://assets.axfood.se/image/upload/f_auto,t_200/08435495837459_C1N1_s01",
                "altText": null,
                "galleryIndex": null,
                "width": null
            },
            "ranking": 280.8695040501,
            "depositPrice": "",
            "averageWeight": null,
            "comparePrice": "1,88 kr",
            "comparePriceUnit": "tvätt",
            "isDrugProduct": false,
            "solrSearchScore": 0.6426547169685364,
            "energyDeclaration": null,
            "newsSplashProduct": false,
            "notAllowedB2b": false,
            "notAllowedAnonymous": false,
            "productLine2": "DREFT, 1l",
            "pickupProductLine2": "DREFT, 1l",
            "priceUnit": "kr/st",
            "priceNoUnit": "46,90",
            "savingsAmount": 7.0,
            "googleAnalyticsCategory": "",
            "gdprTrackingIncompliant": false,
            "tobaccoProduct": false,
            "showGoodPriceIcon": false,
            "nicotineMedicalProduct": false,
            "tobaccoFreeNicotineProduct": false,
            "nonEkoProduct": false,
            "precautionaryStatements": [],
            "hazards": [],
            "labels": [
                "swan",
                "allergy_approved",
                "warning",
                "exclamation_mark",
                "environmental_facet"
            ],
            "seoDescription": "",
            "seoTitle": "",
            "manufacturer": "Dreft",
            "incrementValue": 1.0,
            "productBasketType": {
                "code": "ST",
                "type": "ProductBasketTypeEnum"
            },
            "bargainProduct": false,
            "addToCartMessage": "",
            "thumbnail": {
                "imageType": "PRIMARY",
                "format": "thumbnail",
                "url": "https://assets.axfood.se/image/upload/f_auto,t_100/08435495837459_C1N1_s01",
                "altText": null,
                "galleryIndex": null,
                "width": null
            },
            "outOfStock": false,
            "online": true,
            "displayVolume": "1l",
            "addToCartDisabled": false,
            "name": "Sensitive Color Flytande Tvättmedel",
            "code": "101523022_ST"
        },
        {
            "potentialPromotions": [
                {
                    "threshold": null,
                    "applied": false,
                    "campaignType": "GENERAL",
                    "offerStatus": null,
                    "productCodes": [
                        "100418326_ST",
                        "100418317_ST"
                    ],
                    "promotionTheme": {
                        "code": "Z062",
                        "visible": null
                    },
                    "lowestHistoricalPrice": {
                        "currencyIso": "SEK",
                        "value": 14.9,
                        "priceType": "BUY",
                        "formattedValue": "14,90 kr",
                        "minQuantity": null,
                        "maxQuantity": null
                    },
                    "textLabelGenerated": "",
                    "textLabelManual": null,
                    "price": {
                        "currencyIso": "SEK",
                        "value": 12.9,
                        "priceType": "BUY",
                        "formattedValue": "12,90 kr",
                        "minQuantity": null,
                        "maxQuantity": null
                    },
                    "promotionType": "MixMatchPricePromotion",
                    "conditionLabel": "Spara 2,00 kr/st",
                    "rewardLabel": "12,90/st  +pant",
                    "textLabel": "",
                    "redeemLimitLabel": "",
                    "cartLabel": null,
                    "validUntil": null,
                    "timesUsed": null,
                    "qualifyingCount": 1,
                    "comparePrice": "9,21 kr",
                    "splashTitleText": "",
                    "realMixAndMatch": false,
                    "mainProductCode": "100418326_ST",
                    "conditionLabelFormatted": "",
                    "promotionRedeemLimit": null,
                    "promotionPercentage": null,
                    "cartLabelFormatted": "",
                    "priority": 408,
                    "code": "2500269071"
                }
            ],
            "inactivePotentialPromotions": [],
            "priceValue": 14.9,
            "price": "14,90 kr",
            "image": {
                "imageType": "PRIMARY",
                "format": "product",
                "url": "https://assets.axfood.se/image/upload/f_auto,t_200/07310070151209_C1N1_s02",
                "altText": null,
                "galleryIndex": null,
                "width": null
            },
            "ranking": 280.86902543762,
            "depositPrice": "2,00 kr",
            "averageWeight": null,
            "comparePrice": "10,64 kr",
            "comparePriceUnit": "l",
            "isDrugProduct": false,
            "solrSearchScore": 0.6426547169685364,
            "energyDeclaration": null,
            "newsSplashProduct": false,
            "notAllowedB2b": false,
            "notAllowedAnonymous": false,
            "productLine2": "APOTEKARNES, 1,4l",
            "pickupProductLine2": "APOTEKARNES, 1,4l",
            "priceUnit": "kr/st",
            "priceNoUnit": "14,90",
            "savingsAmount": 2.0,
            "googleAnalyticsCategory": "",
            "gdprTrackingIncompliant": false,
            "tobaccoProduct": false,
            "showGoodPriceIcon": false,
            "nicotineMedicalProduct": false,
            "tobaccoFreeNicotineProduct": false,
            "nonEkoProduct": false,
            "precautionaryStatements": [],
            "hazards": [],
            "labels": [],
            "seoDescription": "",
            "seoTitle": "",
            "manufacturer": "Apotekarnes",
            "incrementValue": 1.0,
            "productBasketType": {
                "code": "ST",
                "type": "ProductBasketTypeEnum"
            },
            "bargainProduct": false,
            "addToCartMessage": "",
            "thumbnail": {
                "imageType": "PRIMARY",
                "format": "thumbnail",
                "url": "https://assets.axfood.se/image/upload/f_auto,t_100/07310070151209_C1N1_s02",
                "altText": null,
                "galleryIndex": null,
                "width": null
            },
            "outOfStock": false,
            "online": true,
            "displayVolume": "1,4l",
            "addToCartDisabled": false,
            "name": "Julmust Läsk Pet",
            "code": "100418326_ST"
        },
        {
            "potentialPromotions": [
                {
                    "threshold": null,
                    "applied": false,
                    "campaignType": "GENERAL",
                    "offerStatus": null,
                    "productCodes": [
                        "101523710_ST"
                    ],
                    "promotionTheme": {
                        "code": "Z062",
                        "visible": null
                    },
                    "lowestHistoricalPrice": null,
                    "textLabelGenerated": "",
                    "textLabelManual": null,
                    "price": {
                        "currencyIso": "SEK",
                        "value": 15.0,
                        "priceType": "BUY",
                        "formattedValue": "15,00 kr",
                        "minQuantity": null,
                        "maxQuantity": null
                    },
                    "promotionType": "MixMatchPricePromotion",
                    "conditionLabel": "2 för",
                    "rewardLabel": "30,00",
                    "textLabel": "",
                    "redeemLimitLabel": "",
                    "cartLabel": null,
                    "validUntil": null,
                    "timesUsed": null,
                    "qualifyingCount": 2,
                    "comparePrice": "42,86 kr",
                    "splashTitleText": "",
                    "realMixAndMatch": false,
                    "mainProductCode": "101523710_ST",
                    "conditionLabelFormatted": "",
                    "promotionRedeemLimit": null,
                    "promotionPercentage": null,
                    "cartLabelFormatted": "",
                    "priority": 408,
                    "code": "2500262516"
                }
            ],
            "inactivePotentialPromotions": [],
            "priceValue": 17.9,
            "price": "17,90 kr",
            "image": {
                "imageType": "PRIMARY",
                "format": "product",
                "url": "https://assets.axfood.se/image/upload/f_auto,t_200/08001440120244_C1C1_s01",
                "altText": null,
                "galleryIndex": null,
                "width": null
            },
            "ranking": 280.8685073269,
            "depositPrice": "",
            "averageWeight": null,
            "comparePrice": "51,14 kr",
            "comparePriceUnit": "kg",
            "isDrugProduct": false,
            "solrSearchScore": 0.6426547169685364,
            "energyDeclaration": null,
            "newsSplashProduct": false,
            "notAllowedB2b": false,
            "notAllowedAnonymous": false,
            "productLine2": "CIRIO, 350g",
            "pickupProductLine2": "CIRIO, 350g",
            "priceUnit": "kr/st",
            "priceNoUnit": "17,90",
            "savingsAmount": 5.8,
            "googleAnalyticsCategory": "",
            "gdprTrackingIncompliant": false,
            "tobaccoProduct": false,
            "showGoodPriceIcon": false,
            "nicotineMedicalProduct": false,
            "tobaccoFreeNicotineProduct": false,
            "nonEkoProduct": false,
            "precautionaryStatements": [],
            "hazards": [],
            "labels": [],
            "seoDescription": "",
            "seoTitle": "",
            "manufacturer": "Cirio",
            "incrementValue": 1.0,
            "productBasketType": {
                "code": "ST",
                "type": "ProductBasketTypeEnum"
            },
            "bargainProduct": false,
            "addToCartMessage": "",
            "thumbnail": {
                "imageType": "PRIMARY",
                "format": "thumbnail",
                "url": "https://assets.axfood.se/image/upload/f_auto,t_100/08001440120244_C1C1_s01",
                "altText": null,
                "galleryIndex": null,
                "width": null
            },
            "outOfStock": false,
            "online": true,
            "displayVolume": "350g",
            "addToCartDisabled": false,
            "name": "Tomater Passerade",
            "code": "101523710_ST"
        },
        {
            "potentialPromotions": [
                {
                    "threshold": null,
                    "applied": false,
                    "campaignType": "GENERAL",
                    "offerStatus": null,
                    "productCodes": [
                        "100680283_ST"
                    ],
                    "promotionTheme": {
                        "code": "Z062",
                        "visible": null
                    },
                    "lowestHistoricalPrice": {
                        "currencyIso": "SEK",
                        "value": 25.9,
                        "priceType": "BUY",
                        "formattedValue": "25,90 kr",
                        "minQuantity": null,
                        "maxQuantity": null
                    },
                    "textLabelGenerated": "",
                    "textLabelManual": null,
                    "price": {
                        "currencyIso": "SEK",
                        "value": 22.9,
                        "priceType": "BUY",
                        "formattedValue": "22,90 kr",
                        "minQuantity": null,
                        "maxQuantity": null
                    },
                    "promotionType": "MixMatchPricePromotion",
                    "conditionLabel": "Spara 3,00 kr/st",
                    "rewardLabel": "22,90/st",
                    "textLabel": "",
                    "redeemLimitLabel": "",
                    "cartLabel": null,
                    "validUntil": null,
                    "timesUsed": null,
                    "qualifyingCount": 1,
                    "comparePrice": "30,53 kr",
                    "splashTitleText": "",
                    "realMixAndMatch": false,
                    "mainProductCode": "100680283_ST",
                    "conditionLabelFormatted": "",
                    "promotionRedeemLimit": null,
                    "promotionPercentage": null,
                    "cartLabelFormatted": "",
                    "priority": 408,
                    "code": "2500269008"
                }
            ],
            "inactivePotentialPromotions": [],
            "priceValue": 25.9,
            "price": "25,90 kr",
            "image": {
                "imageType": "PRIMARY",
                "format": "product",
                "url": "https://assets.axfood.se/image/upload/f_auto,t_200/07311180121007_C1N1_s04",
                "altText": null,
                "galleryIndex": null,
                "width": null
            },
            "ranking": 280.8680257653,
            "depositPrice": "",
            "averageWeight": null,
            "comparePrice": "34,53 kr",
            "comparePriceUnit": "l",
            "isDrugProduct": false,
            "solrSearchScore": 0.6426547169685364,
            "energyDeclaration": null,
            "newsSplashProduct": false,
            "notAllowedB2b": false,
            "notAllowedAnonymous": false,
            "productLine2": "SATURNUS, 75cl",
            "pickupProductLine2": "SATURNUS, 75cl",
            "priceUnit": "kr/st",
            "priceNoUnit": "25,90",
            "savingsAmount": 3.0,
            "googleAnalyticsCategory": "",
            "gdprTrackingIncompliant": true,
            "tobaccoProduct": false,
            "showGoodPriceIcon": false,
            "nicotineMedicalProduct": false,
            "tobaccoFreeNicotineProduct": false,
            "nonEkoProduct": false,
            "precautionaryStatements": [],
            "hazards": [],
            "labels": [],
            "seoDescription": "",
            "seoTitle": "",
            "manufacturer": "Saturnus",
            "incrementValue": 1.0,
            "productBasketType": {
                "code": "ST",
                "type": "ProductBasketTypeEnum"
            },
            "bargainProduct": false,
            "addToCartMessage": "",
            "thumbnail": {
                "imageType": "PRIMARY",
                "format": "thumbnail",
                "url": "https://assets.axfood.se/image/upload/f_auto,t_100/07311180121007_C1N1_s04",
                "altText": null,
                "galleryIndex": null,
                "width": null
            },
            "outOfStock": false,
            "online": true,
            "displayVolume": "75cl",
            "addToCartDisabled": false,
            "name": "God Jul Glögg Alkoholfri Röd Alkfri Glas",
            "code": "100680283_ST"
        },
        {
            "potentialPromotions": [
                {
                    "threshold": null,
                    "applied": false,
                    "campaignType": "GENERAL",
                    "offerStatus": null,
                    "productCodes": [
                        "101546797_ST",
                        "101546818_ST",
                        "101759166_ST"
                    ],
                    "promotionTheme": {
                        "code": "Z062",
                        "visible": null
                    },
                    "lowestHistoricalPrice": {
                        "currencyIso": "SEK",
                        "value": 155.0,
                        "priceType": "BUY",
                        "formattedValue": "155,00 kr",
                        "minQuantity": null,
                        "maxQuantity": null
                    },
                    "textLabelGenerated": "",
                    "textLabelManual": null,
                    "price": {
                        "currencyIso": "SEK",
                        "value": 129.0,
                        "priceType": "BUY",
                        "formattedValue": "129,00 kr",
                        "minQuantity": null,
                        "maxQuantity": null
                    },
                    "promotionType": "MixMatchPricePromotion",
                    "conditionLabel": "Spara 26,00 kr/st",
                    "rewardLabel": "129,00/st",
                    "textLabel": "",
                    "redeemLimitLabel": "",
                    "cartLabel": null,
                    "validUntil": null,
                    "timesUsed": null,
                    "qualifyingCount": 1,
                    "comparePrice": "3,23 kr",
                    "splashTitleText": "",
                    "realMixAndMatch": false,
                    "mainProductCode": "101546797_ST",
                    "conditionLabelFormatted": "",
                    "promotionRedeemLimit": null,
                    "promotionPercentage": null,
                    "cartLabelFormatted": "",
                    "priority": 408,
                    "code": "2500271297"
                }
            ],
            "inactivePotentialPromotions": [],
            "priceValue": 155.0,
            "price": "155,00 kr",
            "image": {
                "imageType": "PRIMARY",
                "format": "product",
                "url": "https://assets.axfood.se/image/upload/f_auto,t_200/08711000390313_C1N1_s01",
                "altText": null,
                "galleryIndex": null,
                "width": null
            },
            "ranking": 280.86750142866,
            "depositPrice": "",
            "averageWeight": null,
            "comparePrice": "3,88 kr",
            "comparePriceUnit": "st",
            "isDrugProduct": false,
            "solrSearchScore": 0.6426547169685364,
            "energyDeclaration": null,
            "newsSplashProduct": false,
            "notAllowedB2b": false,
            "notAllowedAnonymous": false,
            "productLine2": "L'OR, 40p",
            "pickupProductLine2": "L'OR, 40p",
            "priceUnit": "kr/st",
            "priceNoUnit": "155,00",
            "savingsAmount": 26.0,
            "googleAnalyticsCategory": "",
            "gdprTrackingIncompliant": false,
            "tobaccoProduct": false,
            "showGoodPriceIcon": false,
            "nicotineMedicalProduct": false,
            "tobaccoFreeNicotineProduct": false,
            "nonEkoProduct": false,
            "precautionaryStatements": [],
            "hazards": [],
            "labels": [],
            "seoDescription": "",
            "seoTitle": "",
            "manufacturer": "L'or",
            "incrementValue": 1.0,
            "productBasketType": {
                "code": "ST",
                "type": "ProductBasketTypeEnum"
            },
            "bargainProduct": false,
            "addToCartMessage": "",
            "thumbnail": {
                "imageType": "PRIMARY",
                "format": "thumbnail",
                "url": "https://assets.axfood.se/image/upload/f_auto,t_100/08711000390313_C1N1_s01",
                "altText": null,
                "galleryIndex": null,
                "width": null
            },
            "outOfStock": false,
            "online": true,
            "displayVolume": "40p",
            "addToCartDisabled": false,
            "name": "Profondo Intensity 8 Kaffekapslar",
            "code": "101546797_ST"
        },
        {
            "potentialPromotions": [
                {
                    "threshold": null,
                    "applied": false,
                    "campaignType": "GENERAL",
                    "offerStatus": null,
                    "productCodes": [
                        "101197310_ST",
                        "101256556_ST",
                        "101265665_ST",
                        "101595525_ST",
                        "101347457_ST"
                    ],
                    "promotionTheme": {
                        "code": "Z062",
                        "visible": null
                    },
                    "lowestHistoricalPrice": null,
                    "textLabelGenerated": "",
                    "textLabelManual": null,
                    "price": {
                        "currencyIso": "SEK",
                        "value": 9.666666666666666,
                        "priceType": "BUY",
                        "formattedValue": "9,67 kr",
                        "minQuantity": null,
                        "maxQuantity": null
                    },
                    "promotionType": "MixMatchPricePromotion",
                    "conditionLabel": "Välj & blanda! 3 för",
                    "rewardLabel": "29,00",
                    "textLabel": "",
                    "redeemLimitLabel": "",
                    "cartLabel": null,
                    "validUntil": null,
                    "timesUsed": null,
                    "qualifyingCount": 3,
                    "comparePrice": "29,29 kr",
                    "splashTitleText": "",
                    "realMixAndMatch": true,
                    "mainProductCode": "101197310_ST",
                    "conditionLabelFormatted": "3 för",
                    "promotionRedeemLimit": null,
                    "promotionPercentage": null,
                    "cartLabelFormatted": "",
                    "priority": 408,
                    "code": "2500268930"
                }
            ],
            "inactivePotentialPromotions": [],
            "priceValue": 10.9,
            "price": "10,90 kr",
            "image": {
                "imageType": "PRIMARY",
                "format": "product",
                "url": "https://assets.axfood.se/image/upload/f_auto,t_200/07310401009551_C1N1_s02",
                "altText": null,
                "galleryIndex": null,
                "width": null
            },
            "ranking": 280.86702674834,
            "depositPrice": "",
            "averageWeight": null,
            "comparePrice": "33,03 kr",
            "comparePriceUnit": "l",
            "isDrugProduct": false,
            "solrSearchScore": 0.6426547169685364,
            "energyDeclaration": null,
            "newsSplashProduct": false,
            "notAllowedB2b": false,
            "notAllowedAnonymous": false,
            "productLine2": "MARIESTADS, 33cl",
            "pickupProductLine2": "MARIESTADS, 33cl",
            "priceUnit": "kr/st",
            "priceNoUnit": "10,90",
            "savingsAmount": 3.700000000000002,
            "googleAnalyticsCategory": "",
            "gdprTrackingIncompliant": true,
            "tobaccoProduct": false,
            "showGoodPriceIcon": false,
            "nicotineMedicalProduct": false,
            "tobaccoFreeNicotineProduct": false,
            "nonEkoProduct": false,
            "precautionaryStatements": [],
            "hazards": [],
            "labels": [],
            "seoDescription": "",
            "seoTitle": "",
            "manufacturer": "Mariestads",
            "incrementValue": 1.0,
            "productBasketType": {
                "code": "ST",
                "type": "ProductBasketTypeEnum"
            },
            "bargainProduct": false,
            "addToCartMessage": "",
            "thumbnail": {
                "imageType": "PRIMARY",
                "format": "thumbnail",
                "url": "https://assets.axfood.se/image/upload/f_auto,t_100/07310401009551_C1N1_s02",
                "altText": null,
                "galleryIndex": null,
                "width": null
            },
            "outOfStock": false,
            "online": true,
            "displayVolume": "33cl",
            "addToCartDisabled": false,
            "name": "Mariestads Alkoholfri 0,5% Glas",
            "code": "101197310_ST"
        },
        {
            "potentialPromotions": [
                {
                    "threshold": null,
                    "applied": false,
                    "campaignType": "GENERAL",
                    "offerStatus": null,
                    "productCodes": [
                        "101595375_ST",
                        "101595377_ST",
                        "101595376_ST",
                        "101547828_ST"
                    ],
                    "promotionTheme": {
                        "code": "Z062",
                        "visible": null
                    },
                    "lowestHistoricalPrice": {
                        "currencyIso": "SEK",
                        "value": 28.9,
                        "priceType": "BUY",
                        "formattedValue": "28,90 kr",
                        "minQuantity": null,
                        "maxQuantity": null
                    },
                    "textLabelGenerated": "",
                    "textLabelManual": null,
                    "price": {
                        "currencyIso": "SEK",
                        "value": 24.9,
                        "priceType": "BUY",
                        "formattedValue": "24,90 kr",
                        "minQuantity": null,
                        "maxQuantity": null
                    },
                    "promotionType": "MixMatchPricePromotion",
                    "conditionLabel": "Spara 4,00 kr/st",
                    "rewardLabel": "24,90/st",
                    "textLabel": "",
                    "redeemLimitLabel": "",
                    "cartLabel": null,
                    "validUntil": null,
                    "timesUsed": null,
                    "qualifyingCount": 1,
                    "comparePrice": "33,20 kr",
                    "splashTitleText": "",
                    "realMixAndMatch": false,
                    "mainProductCode": "101595375_ST",
                    "conditionLabelFormatted": "",
                    "promotionRedeemLimit": null,
                    "promotionPercentage": null,
                    "cartLabelFormatted": "",
                    "priority": 408,
                    "code": "2500262339"
                }
            ],
            "inactivePotentialPromotions": [],
            "priceValue": 28.9,
            "price": "28,90 kr",
            "image": {
                "imageType": "PRIMARY",
                "format": "product",
                "url": "https://assets.axfood.se/image/upload/f_auto,t_200/08720182869029_C1N1_s02",
                "altText": null,
                "galleryIndex": null,
                "width": null
            },
            "ranking": 280.86650437778,
            "depositPrice": "",
            "averageWeight": null,
            "comparePrice": "38,53 kr",
            "comparePriceUnit": "l",
            "isDrugProduct": false,
            "solrSearchScore": 0.6426547169685364,
            "energyDeclaration": null,
            "newsSplashProduct": false,
            "notAllowedB2b": false,
            "notAllowedAnonymous": false,
            "productLine2": "CIF, 750ml",
            "pickupProductLine2": "CIF, 750ml",
            "priceUnit": "kr/st",
            "priceNoUnit": "28,90",
            "savingsAmount": 4.0,
            "googleAnalyticsCategory": "",
            "gdprTrackingIncompliant": false,
            "tobaccoProduct": false,
            "showGoodPriceIcon": false,
            "nicotineMedicalProduct": false,
            "tobaccoFreeNicotineProduct": false,
            "nonEkoProduct": false,
            "precautionaryStatements": [],
            "hazards": [],
            "labels": [
                "eu_flower",
                "no_pictogram",
                "environmental_facet"
            ],
            "seoDescription": "",
            "seoTitle": "",
            "manufacturer": "Cif",
            "incrementValue": 1.0,
            "productBasketType": {
                "code": "ST",
                "type": "ProductBasketTypeEnum"
            },
            "bargainProduct": false,
            "addToCartMessage": "",
            "thumbnail": {
                "imageType": "PRIMARY",
                "format": "thumbnail",
                "url": "https://assets.axfood.se/image/upload/f_auto,t_100/08720182869029_C1N1_s02",
                "altText": null,
                "galleryIndex": null,
                "width": null
            },
            "outOfStock": false,
            "online": true,
            "displayVolume": "750ml",
            "addToCartDisabled": false,
            "name": "Universal Winter Whispers Rengöringsspray",
            "code": "101595375_ST"
        },
        {
            "potentialPromotions": [
                {
                    "threshold": null,
                    "applied": false,
                    "campaignType": "GENERAL",
                    "offerStatus": null,
                    "productCodes": [
                        "101207525_ST",
                        "101418651_ST"
                    ],
                    "promotionTheme": {
                        "code": "Z062",
                        "visible": null
                    },
                    "lowestHistoricalPrice": null,
                    "textLabelGenerated": "",
                    "textLabelManual": null,
                    "price": {
                        "currencyIso": "SEK",
                        "value": 39.5,
                        "priceType": "BUY",
                        "formattedValue": "39,50 kr",
                        "minQuantity": null,
                        "maxQuantity": null
                    },
                    "promotionType": "MixMatchPricePromotion",
                    "conditionLabel": "Välj & blanda! 2 för",
                    "rewardLabel": "79,00",
                    "textLabel": "",
                    "redeemLimitLabel": "",
                    "cartLabel": null,
                    "validUntil": null,
                    "timesUsed": null,
                    "qualifyingCount": 2,
                    "comparePrice": "197,50 kr",
                    "splashTitleText": "",
                    "realMixAndMatch": true,
                    "mainProductCode": "101207525_ST",
                    "conditionLabelFormatted": "2 för",
                    "promotionRedeemLimit": null,
                    "promotionPercentage": null,
                    "cartLabelFormatted": "",
                    "priority": 408,
                    "code": "2500268939"
                }
            ],
            "inactivePotentialPromotions": [],
            "priceValue": 49.9,
            "price": "49,90 kr",
            "image": {
                "imageType": "PRIMARY",
                "format": "product",
                "url": "https://assets.axfood.se/image/upload/f_auto,t_200/05000189363069_C1L1_s03",
                "altText": null,
                "galleryIndex": null,
                "width": null
            },
            "ranking": 280.86602609298,
            "depositPrice": "",
            "averageWeight": null,
            "comparePrice": "249,50 kr",
            "comparePriceUnit": "kg",
            "isDrugProduct": false,
            "solrSearchScore": 0.6426547169685364,
            "energyDeclaration": null,
            "newsSplashProduct": false,
            "notAllowedB2b": false,
            "notAllowedAnonymous": false,
            "productLine2": "NESTLÉ, 200g",
            "pickupProductLine2": "NESTLÉ, 200g",
            "priceUnit": "kr/st",
            "priceNoUnit": "49,90",
            "savingsAmount": 20.8,
            "googleAnalyticsCategory": "",
            "gdprTrackingIncompliant": false,
            "tobaccoProduct": false,
            "showGoodPriceIcon": false,
            "nicotineMedicalProduct": false,
            "tobaccoFreeNicotineProduct": false,
            "nonEkoProduct": false,
            "precautionaryStatements": [],
            "hazards": [],
            "labels": [
                "rainforest_alliance",
                "environmental_facet"
            ],
            "seoDescription": "",
            "seoTitle": "",
            "manufacturer": "Nestlé",
            "incrementValue": 1.0,
            "productBasketType": {
                "code": "ST",
                "type": "ProductBasketTypeEnum"
            },
            "bargainProduct": false,
            "addToCartMessage": "",
            "thumbnail": {
                "imageType": "PRIMARY",
                "format": "thumbnail",
                "url": "https://assets.axfood.se/image/upload/f_auto,t_100/05000189363069_C1L1_s03",
                "altText": null,
                "galleryIndex": null,
                "width": null
            },
            "outOfStock": false,
            "online": true,
            "displayVolume": "200g",
            "addToCartDisabled": false,
            "name": "After Eight Chokladask",
            "code": "101207525_ST"
        },
        {
            "potentialPromotions": [
                {
                    "threshold": null,
                    "applied": false,
                    "campaignType": "GENERAL",
                    "offerStatus": null,
                    "productCodes": [
                        "101583773_ST",
                        "101759156_ST"
                    ],
                    "promotionTheme": {
                        "code": "Z062",
                        "visible": null
                    },
                    "lowestHistoricalPrice": {
                        "currencyIso": "SEK",
                        "value": 32.9,
                        "priceType": "BUY",
                        "formattedValue": "32,90 kr",
                        "minQuantity": null,
                        "maxQuantity": null
                    },
                    "textLabelGenerated": "",
                    "textLabelManual": null,
                    "price": {
                        "currencyIso": "SEK",
                        "value": 26.9,
                        "priceType": "BUY",
                        "formattedValue": "26,90 kr",
                        "minQuantity": null,
                        "maxQuantity": null
                    },
                    "promotionType": "MixMatchPricePromotion",
                    "conditionLabel": "Spara 6,00 kr/st",
                    "rewardLabel": "26,90/st",
                    "textLabel": "",
                    "redeemLimitLabel": "",
                    "cartLabel": null,
                    "validUntil": null,
                    "timesUsed": null,
                    "qualifyingCount": 1,
                    "comparePrice": "141,58 kr",
                    "splashTitleText": "",
                    "realMixAndMatch": false,
                    "mainProductCode": "101583773_ST",
                    "conditionLabelFormatted": "",
                    "promotionRedeemLimit": null,
                    "promotionPercentage": null,
                    "cartLabelFormatted": "",
                    "priority": 408,
                    "code": "2500262151"
                }
            ],
            "inactivePotentialPromotions": [],
            "priceValue": 32.9,
            "price": "32,90 kr",
            "image": {
                "imageType": "PRIMARY",
                "format": "product",
                "url": "https://assets.axfood.se/image/upload/f_auto,t_200/07041111153462_C1N1_s01",
                "altText": null,
                "galleryIndex": null,
                "width": null
            },
            "ranking": 280.86550044562,
            "depositPrice": "",
            "averageWeight": null,
            "comparePrice": "173,16 kr",
            "comparePriceUnit": "kg",
            "isDrugProduct": false,
            "solrSearchScore": 0.6426547169685364,
            "energyDeclaration": null,
            "newsSplashProduct": false,
            "notAllowedB2b": false,
            "notAllowedAnonymous": false,
            "productLine2": "DENLILLENÖTT, 190g",
            "pickupProductLine2": "DENLILLENÖTT, 190g",
            "priceUnit": "kr/st",
            "priceNoUnit": "32,90",
            "savingsAmount": 6.0,
            "googleAnalyticsCategory": "",
            "gdprTrackingIncompliant": false,
            "tobaccoProduct": false,
            "showGoodPriceIcon": false,
            "nicotineMedicalProduct": false,
            "tobaccoFreeNicotineProduct": false,
            "nonEkoProduct": false,
            "precautionaryStatements": [],
            "hazards": [],
            "labels": [],
            "seoDescription": "",
            "seoTitle": "",
            "manufacturer": "Denlillenött",
            "incrementValue": 1.0,
            "productBasketType": {
                "code": "ST",
                "type": "ProductBasketTypeEnum"
            },
            "bargainProduct": false,
            "addToCartMessage": "",
            "thumbnail": {
                "imageType": "PRIMARY",
                "format": "thumbnail",
                "url": "https://assets.axfood.se/image/upload/f_auto,t_100/07041111153462_C1N1_s01",
                "altText": null,
                "galleryIndex": null,
                "width": null
            },
            "outOfStock": false,
            "online": true,
            "displayVolume": "190g",
            "addToCartDisabled": false,
            "name": "Trippel Honningsnötter",
            "code": "101583773_ST"
        },
        {
            "potentialPromotions": [
                {
                    "threshold": null,
                    "applied": false,
                    "campaignType": "GENERAL",
                    "offerStatus": null,
                    "productCodes": [
                        "101321301_ST",
                        "101321303_ST",
                        "101321309_ST",
                        "101321297_ST",
                        "101321302_ST",
                        "101321310_ST",
                        "101321305_ST",
                        "101321307_ST"
                    ],
                    "promotionTheme": {
                        "code": "Z062",
                        "visible": null
                    },
                    "lowestHistoricalPrice": null,
                    "textLabelGenerated": "",
                    "textLabelManual": null,
                    "price": {
                        "currencyIso": "SEK",
                        "value": 54.5,
                        "priceType": "BUY",
                        "formattedValue": "54,50 kr",
                        "minQuantity": null,
                        "maxQuantity": null
                    },
                    "promotionType": "MixMatchPricePromotion",
                    "conditionLabel": "Välj & blanda! 2 för",
                    "rewardLabel": "109,00",
                    "textLabel": "",
                    "redeemLimitLabel": "",
                    "cartLabel": null,
                    "validUntil": null,
                    "timesUsed": null,
                    "qualifyingCount": 2,
                    "comparePrice": "239,04 kr",
                    "splashTitleText": "",
                    "realMixAndMatch": true,
                    "mainProductCode": "101321301_ST",
                    "conditionLabelFormatted": "2 för",
                    "promotionRedeemLimit": null,
                    "promotionPercentage": null,
                    "cartLabelFormatted": "",
                    "priority": 408,
                    "code": "2500268927"
                }
            ],
            "inactivePotentialPromotions": [],
            "priceValue": 59.9,
            "price": "59,90 kr",
            "image": {
                "imageType": "PRIMARY",
                "format": "product",
                "url": "https://assets.axfood.se/image/upload/f_auto,t_200/06416453071285_C1L1_s01",
                "altText": null,
                "galleryIndex": null,
                "width": null
            },
            "ranking": 280.8650274037,
            "depositPrice": "",
            "averageWeight": null,
            "comparePrice": "262,72 kr",
            "comparePriceUnit": "kg",
            "isDrugProduct": false,
            "solrSearchScore": 0.6426547169685364,
            "energyDeclaration": null,
            "newsSplashProduct": false,
            "notAllowedB2b": false,
            "notAllowedAnonymous": false,
            "productLine2": "FAZER, 228g",
            "pickupProductLine2": "FAZER, 228g",
            "priceUnit": "kr/st",
            "priceNoUnit": "59,90",
            "savingsAmount": 10.8,
            "googleAnalyticsCategory": "",
            "gdprTrackingIncompliant": false,
            "tobaccoProduct": false,
            "showGoodPriceIcon": false,
            "nicotineMedicalProduct": false,
            "tobaccoFreeNicotineProduct": false,
            "nonEkoProduct": false,
            "precautionaryStatements": [],
            "hazards": [],
            "labels": [],
            "seoDescription": "",
            "seoTitle": "",
            "manufacturer": "Fazer",
            "incrementValue": 1.0,
            "productBasketType": {
                "code": "ST",
                "type": "ProductBasketTypeEnum"
            },
            "bargainProduct": false,
            "addToCartMessage": "",
            "thumbnail": {
                "imageType": "PRIMARY",
                "format": "thumbnail",
                "url": "https://assets.axfood.se/image/upload/f_auto,t_100/06416453071285_C1L1_s01",
                "altText": null,
                "galleryIndex": null,
                "width": null
            },
            "outOfStock": false,
            "online": true,
            "displayVolume": "228g",
            "addToCartDisabled": false,
            "name": "Geisha Box",
            "code": "101321301_ST"
        },
        {
            "potentialPromotions": [
                {
                    "threshold": null,
                    "applied": false,
                    "campaignType": "GENERAL",
                    "offerStatus": null,
                    "productCodes": [
                        "101584119_ST"
                    ],
                    "promotionTheme": {
                        "code": "Z062",
                        "visible": null
                    },
                    "lowestHistoricalPrice": {
                        "currencyIso": "SEK",
                        "value": 34.9,
                        "priceType": "BUY",
                        "formattedValue": "34,90 kr",
                        "minQuantity": null,
                        "maxQuantity": null
                    },
                    "textLabelGenerated": "",
                    "textLabelManual": null,
                    "price": {
                        "currencyIso": "SEK",
                        "value": 29.8,
                        "priceType": "BUY",
                        "formattedValue": "29,80 kr",
                        "minQuantity": null,
                        "maxQuantity": null
                    },
                    "promotionType": "MixMatchPricePromotion",
                    "conditionLabel": "Spara 5,10 kr/st",
                    "rewardLabel": "29,80/st",
                    "textLabel": "",
                    "redeemLimitLabel": "",
                    "cartLabel": null,
                    "validUntil": null,
                    "timesUsed": null,
                    "qualifyingCount": 1,
                    "comparePrice": "59,60 kr",
                    "splashTitleText": "",
                    "realMixAndMatch": false,
                    "mainProductCode": "101584119_ST",
                    "conditionLabelFormatted": "",
                    "promotionRedeemLimit": null,
                    "promotionPercentage": null,
                    "cartLabelFormatted": "",
                    "priority": 408,
                    "code": "2500262513"
                }
            ],
            "inactivePotentialPromotions": [],
            "priceValue": 34.9,
            "price": "34,90 kr",
            "image": {
                "imageType": "PRIMARY",
                "format": "product",
                "url": "https://assets.axfood.se/image/upload/f_auto,t_200/08850161166204_C1N1_s01",
                "altText": null,
                "galleryIndex": null,
                "width": null
            },
            "ranking": 280.86450962066,
            "depositPrice": "",
            "averageWeight": null,
            "comparePrice": "69,80 kr",
            "comparePriceUnit": "l",
            "isDrugProduct": false,
            "solrSearchScore": 0.6426547169685364,
            "energyDeclaration": null,
            "newsSplashProduct": false,
            "notAllowedB2b": false,
            "notAllowedAnonymous": false,
            "productLine2": "AMPAWA, 500ml",
            "pickupProductLine2": "AMPAWA, 500ml",
            "priceUnit": "kr/st",
            "priceNoUnit": "34,90",
            "savingsAmount": 5.1,
            "googleAnalyticsCategory": "",
            "gdprTrackingIncompliant": false,
            "tobaccoProduct": false,
            "showGoodPriceIcon": false,
            "nicotineMedicalProduct": false,
            "tobaccoFreeNicotineProduct": false,
            "nonEkoProduct": false,
            "precautionaryStatements": [],
            "hazards": [],
            "labels": [],
            "seoDescription": "",
            "seoTitle": "",
            "manufacturer": "Ampawa",
            "incrementValue": 1.0,
            "productBasketType": {
                "code": "ST",
                "type": "ProductBasketTypeEnum"
            },
            "bargainProduct": false,
            "addToCartMessage": "",
            "thumbnail": {
                "imageType": "PRIMARY",
                "format": "thumbnail",
                "url": "https://assets.axfood.se/image/upload/f_auto,t_100/08850161166204_C1N1_s01",
                "altText": null,
                "galleryIndex": null,
                "width": null
            },
            "outOfStock": false,
            "online": true,
            "displayVolume": "500ml",
            "addToCartDisabled": false,
            "name": "Coconut Milk",
            "code": "101584119_ST"
        },
        {
            "potentialPromotions": [
                {
                    "threshold": null,
                    "applied": false,
                    "campaignType": "GENERAL",
                    "offerStatus": null,
                    "productCodes": [
                        "101424546_ST",
                        "101607742_ST"
                    ],
                    "promotionTheme": {
                        "code": "Z062",
                        "visible": null
                    },
                    "lowestHistoricalPrice": null,
                    "textLabelGenerated": "",
                    "textLabelManual": null,
                    "price": {
                        "currencyIso": "SEK",
                        "value": 10.0,
                        "priceType": "BUY",
                        "formattedValue": "10,00 kr",
                        "minQuantity": null,
                        "maxQuantity": null
                    },
                    "promotionType": "MixMatchPricePromotion",
                    "conditionLabel": "Välj & blanda! 2 för",
                    "rewardLabel": "20,00",
                    "textLabel": "",
                    "redeemLimitLabel": "",
                    "cartLabel": null,
                    "validUntil": null,
                    "timesUsed": null,
                    "qualifyingCount": 2,
                    "comparePrice": "111,11 kr",
                    "splashTitleText": "",
                    "realMixAndMatch": true,
                    "mainProductCode": "101424546_ST",
                    "conditionLabelFormatted": "2 för",
                    "promotionRedeemLimit": null,
                    "promotionPercentage": null,
                    "cartLabelFormatted": "",
                    "priority": 408,
                    "code": "2500269105"
                }
            ],
            "inactivePotentialPromotions": [],
            "priceValue": 11.9,
            "price": "11,90 kr",
            "image": {
                "imageType": "PRIMARY",
                "format": "product",
                "url": "https://assets.axfood.se/image/upload/f_auto,t_200/07394269079185_C1N1_s02",
                "altText": null,
                "galleryIndex": null,
                "width": null
            },
            "ranking": 280.86402642066,
            "depositPrice": "",
            "averageWeight": null,
            "comparePrice": "132,22 kr",
            "comparePriceUnit": "kg",
            "isDrugProduct": false,
            "solrSearchScore": 0.6426547169685364,
            "energyDeclaration": null,
            "newsSplashProduct": false,
            "notAllowedB2b": false,
            "notAllowedAnonymous": false,
            "productLine2": "AROMA, 90g",
            "pickupProductLine2": "AROMA, 90g",
            "priceUnit": "kr/st",
            "priceNoUnit": "11,90",
            "savingsAmount": 3.8,
            "googleAnalyticsCategory": "",
            "gdprTrackingIncompliant": false,
            "tobaccoProduct": false,
            "showGoodPriceIcon": false,
            "nicotineMedicalProduct": false,
            "tobaccoFreeNicotineProduct": false,
            "nonEkoProduct": false,
            "precautionaryStatements": [],
            "hazards": [],
            "labels": [],
            "seoDescription": "",
            "seoTitle": "",
            "manufacturer": "Aroma",
            "incrementValue": 1.0,
            "productBasketType": {
                "code": "ST",
                "type": "ProductBasketTypeEnum"
            },
            "bargainProduct": false,
            "addToCartMessage": "",
            "thumbnail": {
                "imageType": "PRIMARY",
                "format": "thumbnail",
                "url": "https://assets.axfood.se/image/upload/f_auto,t_100/07394269079185_C1N1_s02",
                "altText": null,
                "galleryIndex": null,
                "width": null
            },
            "outOfStock": false,
            "online": true,
            "displayVolume": "90g",
            "addToCartDisabled": false,
            "name": "Skumtomtar",
            "code": "101424546_ST"
        },
        {
            "potentialPromotions": [
                {
                    "threshold": null,
                    "applied": false,
                    "campaignType": "GENERAL",
                    "offerStatus": null,
                    "productCodes": [
                        "101615659_ST"
                    ],
                    "promotionTheme": {
                        "code": "Z062",
                        "visible": null
                    },
                    "lowestHistoricalPrice": {
                        "currencyIso": "SEK",
                        "value": 67.9,
                        "priceType": "BUY",
                        "formattedValue": "67,90 kr",
                        "minQuantity": null,
                        "maxQuantity": null
                    },
                    "textLabelGenerated": "",
                    "textLabelManual": null,
                    "price": {
                        "currencyIso": "SEK",
                        "value": 59.9,
                        "priceType": "BUY",
                        "formattedValue": "59,90 kr",
                        "minQuantity": null,
                        "maxQuantity": null
                    },
                    "promotionType": "MixMatchPricePromotion",
                    "conditionLabel": "Spara 8,00 kr/st",
                    "rewardLabel": "59,90/st",
                    "textLabel": "",
                    "redeemLimitLabel": "",
                    "cartLabel": null,
                    "validUntil": null,
                    "timesUsed": null,
                    "qualifyingCount": 1,
                    "comparePrice": "59,90 kr",
                    "splashTitleText": "",
                    "realMixAndMatch": false,
                    "mainProductCode": "101615659_ST",
                    "conditionLabelFormatted": "",
                    "promotionRedeemLimit": null,
                    "promotionPercentage": null,
                    "cartLabelFormatted": "",
                    "priority": 408,
                    "code": "2500262136"
                }
            ],
            "inactivePotentialPromotions": [],
            "priceValue": 67.9,
            "price": "67,90 kr",
            "image": {
                "imageType": "PRIMARY",
                "format": "product",
                "url": "https://assets.axfood.se/image/upload/f_auto,t_200/07350126088370_C1N1_s01",
                "altText": null,
                "galleryIndex": null,
                "width": null
            },
            "ranking": 280.86350208402,
            "depositPrice": "",
            "averageWeight": null,
            "comparePrice": "67,90 kr",
            "comparePriceUnit": "kg",
            "isDrugProduct": false,
            "solrSearchScore": 0.6426547169685364,
            "energyDeclaration": null,
            "newsSplashProduct": false,
            "notAllowedB2b": false,
            "notAllowedAnonymous": false,
            "productLine2": "FELIX, 1kg",
            "pickupProductLine2": "FELIX, 1kg",
            "priceUnit": "kr/st",
            "priceNoUnit": "67,90",
            "savingsAmount": 8.0,
            "googleAnalyticsCategory": "",
            "gdprTrackingIncompliant": false,
            "tobaccoProduct": false,
            "showGoodPriceIcon": false,
            "nicotineMedicalProduct": false,
            "tobaccoFreeNicotineProduct": false,
            "nonEkoProduct": false,
            "precautionaryStatements": [],
            "hazards": [],
            "labels": [
                "frozen"
            ],
            "seoDescription": "",
            "seoTitle": "",
            "manufacturer": "Felix",
            "incrementValue": 1.0,
            "productBasketType": {
                "code": "ST",
                "type": "ProductBasketTypeEnum"
            },
            "bargainProduct": false,
            "addToCartMessage": "",
            "thumbnail": {
                "imageType": "PRIMARY",
                "format": "thumbnail",
                "url": "https://assets.axfood.se/image/upload/f_auto,t_100/07350126088370_C1N1_s01",
                "altText": null,
                "galleryIndex": null,
                "width": null
            },
            "outOfStock": false,
            "online": true,
            "displayVolume": "1kg",
            "addToCartDisabled": false,
            "name": "Krögarpytt Vegetarisk",
            "code": "101615659_ST"
        },
        {
            "potentialPromotions": [
                {
                    "threshold": null,
                    "applied": false,
                    "campaignType": "GENERAL",
                    "offerStatus": null,
                    "productCodes": [
                        "101595520_ST"
                    ],
                    "promotionTheme": {
                        "code": "Z062",
                        "visible": null
                    },
                    "lowestHistoricalPrice": {
                        "currencyIso": "SEK",
                        "value": 89.9,
                        "priceType": "BUY",
                        "formattedValue": "89,90 kr",
                        "minQuantity": null,
                        "maxQuantity": null
                    },
                    "textLabelGenerated": "",
                    "textLabelManual": null,
                    "price": {
                        "currencyIso": "SEK",
                        "value": 79.9,
                        "priceType": "BUY",
                        "formattedValue": "79,90 kr",
                        "minQuantity": null,
                        "maxQuantity": null
                    },
                    "promotionType": "MixMatchPricePromotion",
                    "conditionLabel": "Spara 10,00 kr/st",
                    "rewardLabel": "79,90/st",
                    "textLabel": "",
                    "redeemLimitLabel": "",
                    "cartLabel": null,
                    "validUntil": null,
                    "timesUsed": null,
                    "qualifyingCount": 1,
                    "comparePrice": "285,35 kr",
                    "splashTitleText": "",
                    "realMixAndMatch": false,
                    "mainProductCode": "101595520_ST",
                    "conditionLabelFormatted": "",
                    "promotionRedeemLimit": null,
                    "promotionPercentage": null,
                    "cartLabelFormatted": "",
                    "priority": 408,
                    "code": "2500268942"
                }
            ],
            "inactivePotentialPromotions": [],
            "priceValue": 89.9,
            "price": "89,90 kr",
            "image": {
                "imageType": "PRIMARY",
                "format": "product",
                "url": "https://assets.axfood.se/image/upload/f_auto,t_200/06416453072541_C1L1_s01",
                "altText": null,
                "galleryIndex": null,
                "width": null
            },
            "ranking": 280.86302707602,
            "depositPrice": "",
            "averageWeight": null,
            "comparePrice": "321,07 kr",
            "comparePriceUnit": "kg",
            "isDrugProduct": false,
            "solrSearchScore": 0.6426547169685364,
            "energyDeclaration": null,
            "newsSplashProduct": false,
            "notAllowedB2b": false,
            "notAllowedAnonymous": false,
            "productLine2": "FAZER, 280g",
            "pickupProductLine2": "FAZER, 280g",
            "priceUnit": "kr/st",
            "priceNoUnit": "89,90",
            "savingsAmount": 10.0,
            "googleAnalyticsCategory": "",
            "gdprTrackingIncompliant": false,
            "tobaccoProduct": false,
            "showGoodPriceIcon": false,
            "nicotineMedicalProduct": false,
            "tobaccoFreeNicotineProduct": false,
            "nonEkoProduct": false,
            "precautionaryStatements": [],
            "hazards": [],
            "labels": [],
            "seoDescription": "",
            "seoTitle": "",
            "manufacturer": "Fazer",
            "incrementValue": 1.0,
            "productBasketType": {
                "code": "ST",
                "type": "ProductBasketTypeEnum"
            },
            "bargainProduct": false,
            "addToCartMessage": "",
            "thumbnail": {
                "imageType": "PRIMARY",
                "format": "thumbnail",
                "url": "https://assets.axfood.se/image/upload/f_auto,t_100/06416453072541_C1L1_s01",
                "altText": null,
                "galleryIndex": null,
                "width": null
            },
            "outOfStock": false,
            "online": true,
            "displayVolume": "280g",
            "addToCartDisabled": false,
            "name": "Klassiker Ask Chokladpraliner",
            "code": "101595520_ST"
        },
        {
            "potentialPromotions": [
                {
                    "threshold": null,
                    "applied": false,
                    "campaignType": "GENERAL",
                    "offerStatus": null,
                    "productCodes": [
                        "101626538_ST",
                        "101626517_ST",
                        "101626516_ST"
                    ],
                    "promotionTheme": {
                        "code": "Z062",
                        "visible": null
                    },
                    "lowestHistoricalPrice": {
                        "currencyIso": "SEK",
                        "value": 149.0,
                        "priceType": "BUY",
                        "formattedValue": "149,00 kr",
                        "minQuantity": null,
                        "maxQuantity": null
                    },
                    "textLabelGenerated": "",
                    "textLabelManual": null,
                    "price": {
                        "currencyIso": "SEK",
                        "value": 129.0,
                        "priceType": "BUY",
                        "formattedValue": "129,00 kr",
                        "minQuantity": null,
                        "maxQuantity": null
                    },
                    "promotionType": "MixMatchPricePromotion",
                    "conditionLabel": "Spara 20,00 kr/st",
                    "rewardLabel": "129,00/st",
                    "textLabel": "",
                    "redeemLimitLabel": "",
                    "cartLabel": null,
                    "validUntil": null,
                    "timesUsed": null,
                    "qualifyingCount": 1,
                    "comparePrice": "1,90 kr",
                    "splashTitleText": "",
                    "realMixAndMatch": false,
                    "mainProductCode": "101626538_ST",
                    "conditionLabelFormatted": "",
                    "promotionRedeemLimit": null,
                    "promotionPercentage": null,
                    "cartLabelFormatted": "",
                    "priority": 408,
                    "code": "2500262335"
                }
            ],
            "inactivePotentialPromotions": [],
            "priceValue": 149.0,
            "price": "149,00 kr",
            "image": {
                "imageType": "PRIMARY",
                "format": "product",
                "url": "https://assets.axfood.se/image/upload/f_auto,t_200/07311043013647_S01",
                "altText": null,
                "galleryIndex": null,
                "width": null
            },
            "ranking": 280.86250470546,
            "depositPrice": "",
            "averageWeight": null,
            "comparePrice": "2,19 kr",
            "comparePriceUnit": "st",
            "isDrugProduct": false,
            "solrSearchScore": 0.6426547169685364,
            "energyDeclaration": null,
            "newsSplashProduct": false,
            "notAllowedB2b": false,
            "notAllowedAnonymous": false,
            "productLine2": "ELDORADO, 68p",
            "pickupProductLine2": "ELDORADO, 68p",
            "priceUnit": "kr/st",
            "priceNoUnit": "149,00",
            "savingsAmount": 20.0,
            "googleAnalyticsCategory": "",
            "gdprTrackingIncompliant": false,
            "tobaccoProduct": false,
            "showGoodPriceIcon": false,
            "nicotineMedicalProduct": false,
            "tobaccoFreeNicotineProduct": false,
            "nonEkoProduct": false,
            "precautionaryStatements": [],
            "hazards": [],
            "labels": [
                "swan",
                "environmental_facet"
            ],
            "seoDescription": "",
            "seoTitle": "",
            "manufacturer": "Eldorado",
            "incrementValue": 1.0,
            "productBasketType": {
                "code": "ST",
                "type": "ProductBasketTypeEnum"
            },
            "bargainProduct": false,
            "addToCartMessage": "",
            "thumbnail": {
                "imageType": "PRIMARY",
                "format": "thumbnail",
                "url": "https://assets.axfood.se/image/upload/f_auto,t_100/07311043013647_S01",
                "altText": null,
                "galleryIndex": null,
                "width": null
            },
            "outOfStock": false,
            "online": true,
            "displayVolume": "68p",
            "addToCartDisabled": false,
            "name": "Byxblöjor Storlek 6 16-26kg",
            "code": "101626538_ST"
        },
        {
            "potentialPromotions": [
                {
                    "threshold": null,
                    "applied": false,
                    "campaignType": "GENERAL",
                    "offerStatus": null,
                    "productCodes": [
                        "101692807_ST",
                        "101705730_ST",
                        "101692806_ST"
                    ],
                    "promotionTheme": {
                        "code": "Z062",
                        "visible": null
                    },
                    "lowestHistoricalPrice": null,
                    "textLabelGenerated": "",
                    "textLabelManual": null,
                    "price": {
                        "currencyIso": "SEK",
                        "value": 49.5,
                        "priceType": "BUY",
                        "formattedValue": "49,50 kr",
                        "minQuantity": null,
                        "maxQuantity": null
                    },
                    "promotionType": "MixMatchPricePromotion",
                    "conditionLabel": "Välj & blanda! 2 för",
                    "rewardLabel": "99,00",
                    "textLabel": "",
                    "redeemLimitLabel": "",
                    "cartLabel": null,
                    "validUntil": null,
                    "timesUsed": null,
                    "qualifyingCount": 2,
                    "comparePrice": "0,48 kr",
                    "splashTitleText": "",
                    "realMixAndMatch": true,
                    "mainProductCode": "101692807_ST",
                    "conditionLabelFormatted": "2 för",
                    "promotionRedeemLimit": null,
                    "promotionPercentage": null,
                    "cartLabelFormatted": "",
                    "priority": 408,
                    "code": "2500262348"
                }
            ],
            "inactivePotentialPromotions": [],
            "priceValue": 59.9,
            "price": "59,90 kr",
            "image": {
                "imageType": "PRIMARY",
                "format": "product",
                "url": "https://assets.axfood.se/image/upload/f_auto,t_200/08720181638879_C1N1_s01",
                "altText": null,
                "galleryIndex": null,
                "width": null
            },
            "ranking": 280.86150339474,
            "depositPrice": "",
            "averageWeight": null,
            "comparePrice": "0,58 kr",
            "comparePriceUnit": "tvätt",
            "isDrugProduct": false,
            "solrSearchScore": 0.6426547169685364,
            "energyDeclaration": null,
            "newsSplashProduct": false,
            "notAllowedB2b": false,
            "notAllowedAnonymous": false,
            "productLine2": "COMFORT, 1,56l",
            "pickupProductLine2": "COMFORT, 1,56l",
            "priceUnit": "kr/st",
            "priceNoUnit": "59,90",
            "savingsAmount": 20.8,
            "googleAnalyticsCategory": "",
            "gdprTrackingIncompliant": false,
            "tobaccoProduct": false,
            "showGoodPriceIcon": false,
            "nicotineMedicalProduct": false,
            "tobaccoFreeNicotineProduct": false,
            "nonEkoProduct": false,
            "precautionaryStatements": [],
            "hazards": [],
            "labels": [
                "no_pictogram"
            ],
            "seoDescription": "",
            "seoTitle": "",
            "manufacturer": "Comfort",
            "incrementValue": 1.0,
            "productBasketType": {
                "code": "ST",
                "type": "ProductBasketTypeEnum"
            },
            "bargainProduct": false,
            "addToCartMessage": "",
            "thumbnail": {
                "imageType": "PRIMARY",
                "format": "thumbnail",
                "url": "https://assets.axfood.se/image/upload/f_auto,t_100/08720181638879_C1N1_s01",
                "altText": null,
                "galleryIndex": null,
                "width": null
            },
            "outOfStock": false,
            "online": true,
            "displayVolume": "1,56l",
            "addToCartDisabled": false,
            "name": "Yello Sun Sköljmedel",
            "code": "101692807_ST"
        },
        {
            "potentialPromotions": [
                {
                    "threshold": null,
                    "applied": false,
                    "campaignType": "GENERAL",
                    "offerStatus": null,
                    "productCodes": [
                        "101762283_ST",
                        "101762282_ST"
                    ],
                    "promotionTheme": {
                        "code": "Z062",
                        "visible": null
                    },
                    "lowestHistoricalPrice": null,
                    "textLabelGenerated": "",
                    "textLabelManual": null,
                    "price": {
                        "currencyIso": "SEK",
                        "value": 12.5,
                        "priceType": "BUY",
                        "formattedValue": "12,50 kr",
                        "minQuantity": null,
                        "maxQuantity": null
                    },
                    "promotionType": "MixMatchPricePromotion",
                    "conditionLabel": "Välj & blanda! 2 för",
                    "rewardLabel": "25,00",
                    "textLabel": "",
                    "redeemLimitLabel": "",
                    "cartLabel": null,
                    "validUntil": null,
                    "timesUsed": null,
                    "qualifyingCount": 2,
                    "comparePrice": "50,00 kr",
                    "splashTitleText": "",
                    "realMixAndMatch": true,
                    "mainProductCode": "101762283_ST",
                    "conditionLabelFormatted": "2 för",
                    "promotionRedeemLimit": null,
                    "promotionPercentage": null,
                    "cartLabelFormatted": "",
                    "priority": 408,
                    "code": "2500273454"
                }
            ],
            "inactivePotentialPromotions": [],
            "priceValue": 18.9,
            "price": "18,90 kr",
            "image": {
                "imageType": "PRIMARY",
                "format": "product",
                "url": "https://assets.axfood.se/image/upload/f_auto,t_200/06408430101290_C1N1_s01",
                "altText": null,
                "galleryIndex": null,
                "width": null
            },
            "ranking": 280.86051093138,
            "depositPrice": "",
            "averageWeight": null,
            "comparePrice": "75,60 kr",
            "comparePriceUnit": "l",
            "isDrugProduct": false,
            "solrSearchScore": 0.6426547169685364,
            "energyDeclaration": null,
            "newsSplashProduct": false,
            "notAllowedB2b": false,
            "notAllowedAnonymous": false,
            "productLine2": "VALIO, 250ml",
            "pickupProductLine2": "VALIO, 250ml",
            "priceUnit": "kr/st",
            "priceNoUnit": "18,90",
            "savingsAmount": 12.8,
            "googleAnalyticsCategory": "",
            "gdprTrackingIncompliant": false,
            "tobaccoProduct": false,
            "showGoodPriceIcon": false,
            "nicotineMedicalProduct": false,
            "tobaccoFreeNicotineProduct": false,
            "nonEkoProduct": false,
            "precautionaryStatements": [],
            "hazards": [],
            "labels": [
                "laktosfree"
            ],
            "seoDescription": "",
            "seoTitle": "",
            "manufacturer": "Valio",
            "incrementValue": 1.0,
            "productBasketType": {
                "code": "ST",
                "type": "ProductBasketTypeEnum"
            },
            "bargainProduct": false,
            "addToCartMessage": "",
            "thumbnail": {
                "imageType": "PRIMARY",
                "format": "thumbnail",
                "url": "https://assets.axfood.se/image/upload/f_auto,t_100/06408430101290_C1N1_s01",
                "altText": null,
                "galleryIndex": null,
                "width": null
            },
            "outOfStock": false,
            "online": true,
            "displayVolume": "250ml",
            "addToCartDisabled": false,
            "name": "Protein Drink Strawberry Profeel",
            "code": "101762283_ST"
        },
        {
            "potentialPromotions": [
                {
                    "threshold": null,
                    "applied": false,
                    "campaignType": "GENERAL",
                    "offerStatus": null,
                    "productCodes": [
                        "101815625_ST"
                    ],
                    "promotionTheme": {
                        "code": "Z062",
                        "visible": null
                    },
                    "lowestHistoricalPrice": {
                        "currencyIso": "SEK",
                        "value": 49.9,
                        "priceType": "BUY",
                        "formattedValue": "49,90 kr",
                        "minQuantity": null,
                        "maxQuantity": null
                    },
                    "textLabelGenerated": "",
                    "textLabelManual": null,
                    "price": {
                        "currencyIso": "SEK",
                        "value": 49.9,
                        "priceType": "BUY",
                        "formattedValue": "49,90 kr",
                        "minQuantity": null,
                        "maxQuantity": null
                    },
                    "promotionType": "MixMatchPricePromotion",
                    "conditionLabel": "",
                    "rewardLabel": "49,90/st",
                    "textLabel": "",
                    "redeemLimitLabel": "",
                    "cartLabel": null,
                    "validUntil": null,
                    "timesUsed": null,
                    "qualifyingCount": 1,
                    "comparePrice": "99,80 kr",
                    "splashTitleText": "",
                    "realMixAndMatch": false,
                    "mainProductCode": "101815625_ST",
                    "conditionLabelFormatted": "",
                    "promotionRedeemLimit": null,
                    "promotionPercentage": null,
                    "cartLabelFormatted": "",
                    "priority": 408,
                    "code": "2500269316"
                }
            ],
            "inactivePotentialPromotions": [],
            "priceValue": 49.9,
            "price": "49,90 kr",
            "image": {
                "imageType": "PRIMARY",
                "format": "product",
                "url": "https://assets.axfood.se/image/upload/f_auto,t_200/07331494129988_C1L1_s01",
                "altText": null,
                "galleryIndex": null,
                "width": null
            },
            "ranking": 280.85950175634,
            "depositPrice": "",
            "averageWeight": null,
            "comparePrice": "99,80 kr",
            "comparePriceUnit": "kg",
            "isDrugProduct": false,
            "solrSearchScore": 0.6426547169685364,
            "energyDeclaration": null,
            "newsSplashProduct": false,
            "notAllowedB2b": false,
            "notAllowedAnonymous": false,
            "productLine2": "TINE, 500g",
            "pickupProductLine2": "TINE, 500g",
            "priceUnit": "kr/st",
            "priceNoUnit": "49,90",
            "savingsAmount": 0.0,
            "googleAnalyticsCategory": "",
            "gdprTrackingIncompliant": false,
            "tobaccoProduct": false,
            "showGoodPriceIcon": false,
            "nicotineMedicalProduct": false,
            "tobaccoFreeNicotineProduct": false,
            "nonEkoProduct": false,
            "precautionaryStatements": [],
            "hazards": [],
            "labels": [],
            "seoDescription": "",
            "seoTitle": "",
            "manufacturer": "Tine",
            "incrementValue": 1.0,
            "productBasketType": {
                "code": "ST",
                "type": "ProductBasketTypeEnum"
            },
            "bargainProduct": true,
            "addToCartMessage": "",
            "thumbnail": {
                "imageType": "PRIMARY",
                "format": "thumbnail",
                "url": "https://assets.axfood.se/image/upload/f_auto,t_100/07331494129988_C1L1_s01",
                "altText": null,
                "galleryIndex": null,
                "width": null
            },
            "outOfStock": false,
            "online": true,
            "displayVolume": "500g",
            "addToCartDisabled": false,
            "name": "Proteinrik Ost",
            "code": "101815625_ST"
        },
        {
            "potentialPromotions": [
                {
                    "threshold": null,
                    "applied": false,
                    "campaignType": "GENERAL",
                    "offerStatus": null,
                    "productCodes": [
                        "101264082_ST",
                        "101264084_ST",
                        "101308920_ST",
                        "101308921_ST"
                    ],
                    "promotionTheme": {
                        "code": "Z015",
                        "visible": null
                    },
                    "lowestHistoricalPrice": {
                        "currencyIso": "SEK",
                        "value": 48.9,
                        "priceType": "BUY",
                        "formattedValue": "48,90 kr",
                        "minQuantity": null,
                        "maxQuantity": null
                    },
                    "textLabelGenerated": "",
                    "textLabelManual": null,
                    "price": {
                        "currencyIso": "SEK",
                        "value": 43.9,
                        "priceType": "BUY",
                        "formattedValue": "43,90 kr",
                        "minQuantity": null,
                        "maxQuantity": null
                    },
                    "promotionType": "MixMatchPricePromotion",
                    "conditionLabel": "Spara 5,00 kr/st",
                    "rewardLabel": "43,90/st",
                    "textLabel": "",
                    "redeemLimitLabel": "",
                    "cartLabel": null,
                    "validUntil": null,
                    "timesUsed": null,
                    "qualifyingCount": 1,
                    "comparePrice": "3,66 kr",
                    "splashTitleText": "",
                    "realMixAndMatch": false,
                    "mainProductCode": "101264082_ST",
                    "conditionLabelFormatted": "",
                    "promotionRedeemLimit": null,
                    "promotionPercentage": null,
                    "cartLabelFormatted": "",
                    "priority": 408,
                    "code": "2500273794"
                }
            ],
            "inactivePotentialPromotions": [],
            "priceValue": 48.9,
            "price": "48,90 kr",
            "image": {
                "imageType": "PRIMARY",
                "format": "product",
                "url": "https://assets.axfood.se/image/upload/f_auto,t_200/07322540852066_C1C1_s04",
                "altText": null,
                "galleryIndex": null,
                "width": null
            },
            "ranking": 1.0,
            "depositPrice": "",
            "averageWeight": null,
            "comparePrice": "4,07 kr",
            "comparePriceUnit": "st",
            "isDrugProduct": false,
            "solrSearchScore": 0.6426547169685364,
            "energyDeclaration": null,
            "newsSplashProduct": false,
            "notAllowedB2b": false,
            "notAllowedAnonymous": false,
            "productLine2": "TENA, 12p",
            "pickupProductLine2": "TENA, 12p",
            "priceUnit": "kr/st",
            "priceNoUnit": "48,90",
            "savingsAmount": 5.0,
            "googleAnalyticsCategory": "",
            "gdprTrackingIncompliant": false,
            "tobaccoProduct": false,
            "showGoodPriceIcon": false,
            "nicotineMedicalProduct": false,
            "tobaccoFreeNicotineProduct": false,
            "nonEkoProduct": false,
            "precautionaryStatements": [],
            "hazards": [],
            "labels": [
                "swan",
                "environmental_facet"
            ],
            "seoDescription": "",
            "seoTitle": "",
            "manufacturer": "Tena",
            "incrementValue": 1.0,
            "productBasketType": {
                "code": "ST",
                "type": "ProductBasketTypeEnum"
            },
            "bargainProduct": false,
            "addToCartMessage": "",
            "thumbnail": {
                "imageType": "PRIMARY",
                "format": "thumbnail",
                "url": "https://assets.axfood.se/image/upload/f_auto,t_100/07322540852066_C1C1_s04",
                "altText": null,
                "galleryIndex": null,
                "width": null
            },
            "outOfStock": false,
            "online": true,
            "displayVolume": "12p",
            "addToCartDisabled": false,
            "name": "Large Pads Discreet Binda",
            "code": "101264082_ST"
        },
        {
            "potentialPromotions": [
                {
                    "threshold": null,
                    "applied": false,
                    "campaignType": "GENERAL",
                    "offerStatus": null,
                    "productCodes": [
                        "101264409_ST"
                    ],
                    "promotionTheme": {
                        "code": "Z015",
                        "visible": null
                    },
                    "lowestHistoricalPrice": {
                        "currencyIso": "SEK",
                        "value": 14.9,
                        "priceType": "BUY",
                        "formattedValue": "14,90 kr",
                        "minQuantity": null,
                        "maxQuantity": null
                    },
                    "textLabelGenerated": "",
                    "textLabelManual": null,
                    "price": {
                        "currencyIso": "SEK",
                        "value": 14.9,
                        "priceType": "BUY",
                        "formattedValue": "14,90 kr",
                        "minQuantity": null,
                        "maxQuantity": null
                    },
                    "promotionType": "MixMatchPricePromotion",
                    "conditionLabel": "",
                    "rewardLabel": "14,90/st",
                    "textLabel": "",
                    "redeemLimitLabel": "",
                    "cartLabel": null,
                    "validUntil": null,
                    "timesUsed": null,
                    "qualifyingCount": 1,
                    "comparePrice": "93,13 kr",
                    "splashTitleText": "",
                    "realMixAndMatch": false,
                    "mainProductCode": "101264409_ST",
                    "conditionLabelFormatted": "",
                    "promotionRedeemLimit": null,
                    "promotionPercentage": null,
                    "cartLabelFormatted": "",
                    "priority": 408,
                    "code": "2500273175"
                }
            ],
            "inactivePotentialPromotions": [],
            "priceValue": 14.9,
            "price": "14,90 kr",
            "image": {
                "imageType": "PRIMARY",
                "format": "product",
                "url": "https://assets.axfood.se/image/upload/f_auto,t_200/07310532151761_C1N1_s05",
                "altText": null,
                "galleryIndex": null,
                "width": null
            },
            "ranking": 1.0,
            "depositPrice": "",
            "averageWeight": null,
            "comparePrice": "93,13 kr",
            "comparePriceUnit": "kg",
            "isDrugProduct": false,
            "solrSearchScore": 0.6426547169685364,
            "energyDeclaration": null,
            "newsSplashProduct": false,
            "notAllowedB2b": false,
            "notAllowedAnonymous": false,
            "productLine2": "ESTRELLA, 160g",
            "pickupProductLine2": "ESTRELLA, 160g",
            "priceUnit": "kr/st",
            "priceNoUnit": "14,90",
            "savingsAmount": 0.0,
            "googleAnalyticsCategory": "",
            "gdprTrackingIncompliant": false,
            "tobaccoProduct": false,
            "showGoodPriceIcon": false,
            "nicotineMedicalProduct": false,
            "tobaccoFreeNicotineProduct": false,
            "nonEkoProduct": false,
            "precautionaryStatements": [],
            "hazards": [],
            "labels": [],
            "seoDescription": "",
            "seoTitle": "",
            "manufacturer": "Estrella",
            "incrementValue": 1.0,
            "productBasketType": {
                "code": "ST",
                "type": "ProductBasketTypeEnum"
            },
            "bargainProduct": false,
            "addToCartMessage": "",
            "thumbnail": {
                "imageType": "PRIMARY",
                "format": "thumbnail",
                "url": "https://assets.axfood.se/image/upload/f_auto,t_100/07310532151761_C1N1_s05",
                "altText": null,
                "galleryIndex": null,
                "width": null
            },
            "outOfStock": false,
            "online": true,
            "displayVolume": "160g",
            "addToCartDisabled": false,
            "name": "Jordnötter Salta",
            "code": "101264409_ST"
        },
        {
            "potentialPromotions": [
                {
                    "threshold": null,
                    "applied": false,
                    "campaignType": "GENERAL",
                    "offerStatus": null,
                    "productCodes": [
                        "101287279_ST",
                        "101274302_ST",
                        "101356375_ST",
                        "101186485_ST",
                        "101081507_ST",
                        "101287242_ST"
                    ],
                    "promotionTheme": {
                        "code": "Z015",
                        "visible": null
                    },
                    "lowestHistoricalPrice": {
                        "currencyIso": "SEK",
                        "value": 50.9,
                        "priceType": "BUY",
                        "formattedValue": "50,90 kr",
                        "minQuantity": null,
                        "maxQuantity": null
                    },
                    "textLabelGenerated": "",
                    "textLabelManual": null,
                    "price": {
                        "currencyIso": "SEK",
                        "value": 44.9,
                        "priceType": "BUY",
                        "formattedValue": "44,90 kr",
                        "minQuantity": null,
                        "maxQuantity": null
                    },
                    "promotionType": "MixMatchPricePromotion",
                    "conditionLabel": "Spara 6,00 kr/st",
                    "rewardLabel": "44,90/st",
                    "textLabel": "",
                    "redeemLimitLabel": "",
                    "cartLabel": null,
                    "validUntil": null,
                    "timesUsed": null,
                    "qualifyingCount": 1,
                    "comparePrice": "224,50 kr",
                    "splashTitleText": "",
                    "realMixAndMatch": false,
                    "mainProductCode": "101287279_ST",
                    "conditionLabelFormatted": "",
                    "promotionRedeemLimit": null,
                    "promotionPercentage": null,
                    "cartLabelFormatted": "",
                    "priority": 408,
                    "code": "2500262482"
                }
            ],
            "inactivePotentialPromotions": [],
            "priceValue": 50.9,
            "price": "50,90 kr",
            "image": {
                "imageType": "PRIMARY",
                "format": "product",
                "url": "https://assets.axfood.se/image/upload/f_auto,t_200/03600523682751_C1N1_s02",
                "altText": null,
                "galleryIndex": null,
                "width": null
            },
            "ranking": 1.0,
            "depositPrice": "",
            "averageWeight": null,
            "comparePrice": "254,50 kr",
            "comparePriceUnit": "l",
            "isDrugProduct": false,
            "solrSearchScore": 0.6426547169685364,
            "energyDeclaration": null,
            "newsSplashProduct": false,
            "notAllowedB2b": false,
            "notAllowedAnonymous": false,
            "productLine2": "ELVITAL, 200ml",
            "pickupProductLine2": "ELVITAL, 200ml",
            "priceUnit": "kr/st",
            "priceNoUnit": "50,90",
            "savingsAmount": 6.0,
            "googleAnalyticsCategory": "",
            "gdprTrackingIncompliant": false,
            "tobaccoProduct": false,
            "showGoodPriceIcon": false,
            "nicotineMedicalProduct": false,
            "tobaccoFreeNicotineProduct": false,
            "nonEkoProduct": false,
            "precautionaryStatements": [],
            "hazards": [],
            "labels": [],
            "seoDescription": "",
            "seoTitle": "",
            "manufacturer": "Elvital",
            "incrementValue": 1.0,
            "productBasketType": {
                "code": "ST",
                "type": "ProductBasketTypeEnum"
            },
            "bargainProduct": false,
            "addToCartMessage": "",
            "thumbnail": {
                "imageType": "PRIMARY",
                "format": "thumbnail",
                "url": "https://assets.axfood.se/image/upload/f_auto,t_100/03600523682751_C1N1_s02",
                "altText": null,
                "galleryIndex": null,
                "width": null
            },
            "outOfStock": false,
            "online": true,
            "displayVolume": "200ml",
            "addToCartDisabled": false,
            "name": "Color Vive Purple Shampoo Schampo",
            "code": "101287279_ST"
        },
        {
            "potentialPromotions": [
                {
                    "threshold": null,
                    "applied": false,
                    "campaignType": "GENERAL",
                    "offerStatus": null,
                    "productCodes": [
                        "101289912_ST"
                    ],
                    "promotionTheme": {
                        "code": "Z019",
                        "visible": null
                    },
                    "lowestHistoricalPrice": null,
                    "textLabelGenerated": "",
                    "textLabelManual": null,
                    "price": {
                        "currencyIso": "SEK",
                        "value": 6.666666666666667,
                        "priceType": "BUY",
                        "formattedValue": "6,67 kr",
                        "minQuantity": null,
                        "maxQuantity": null
                    },
                    "promotionType": "MixMatchPricePromotion",
                    "conditionLabel": "3 för",
                    "rewardLabel": "20,00",
                    "textLabel": "",
                    "redeemLimitLabel": "",
                    "cartLabel": null,
                    "validUntil": null,
                    "timesUsed": null,
                    "qualifyingCount": 3,
                    "comparePrice": "53,33 kr",
                    "splashTitleText": "Alltid bra pris",
                    "realMixAndMatch": false,
                    "mainProductCode": "101289912_ST",
                    "conditionLabelFormatted": "",
                    "promotionRedeemLimit": null,
                    "promotionPercentage": null,
                    "cartLabelFormatted": "",
                    "priority": 208,
                    "code": "10008853204"
                }
            ],
            "inactivePotentialPromotions": [],
            "priceValue": 7.9,
            "price": "7,90 kr",
            "image": {
                "imageType": "PRIMARY",
                "format": "product",
                "url": "https://assets.axfood.se/image/upload/f_auto,t_200/07315060465557_C1R1_s01",
                "altText": null,
                "galleryIndex": null,
                "width": null
            },
            "ranking": 1.0,
            "depositPrice": "",
            "averageWeight": null,
            "comparePrice": "63,20 kr",
            "comparePriceUnit": "kg",
            "isDrugProduct": false,
            "solrSearchScore": 0.6426547169685364,
            "energyDeclaration": null,
            "newsSplashProduct": false,
            "notAllowedB2b": false,
            "notAllowedAnonymous": false,
            "productLine2": "BONJOUR, 125g",
            "pickupProductLine2": "BONJOUR, 125g",
            "priceUnit": "kr/st",
            "priceNoUnit": "7,90",
            "savingsAmount": 3.699999999999999,
            "googleAnalyticsCategory": "",
            "gdprTrackingIncompliant": false,
            "tobaccoProduct": false,
            "showGoodPriceIcon": true,
            "nicotineMedicalProduct": false,
            "tobaccoFreeNicotineProduct": false,
            "nonEkoProduct": false,
            "precautionaryStatements": [],
            "hazards": [],
            "labels": [],
            "seoDescription": "",
            "seoTitle": "",
            "manufacturer": "Bonjour",
            "incrementValue": 1.0,
            "productBasketType": {
                "code": "ST",
                "type": "ProductBasketTypeEnum"
            },
            "bargainProduct": false,
            "addToCartMessage": "",
            "thumbnail": {
                "imageType": "PRIMARY",
                "format": "thumbnail",
                "url": "https://assets.axfood.se/image/upload/f_auto,t_100/07315060465557_C1R1_s01",
                "altText": null,
                "galleryIndex": null,
                "width": null
            },
            "outOfStock": false,
            "online": true,
            "displayVolume": "125g",
            "addToCartDisabled": false,
            "name": "Baguette Halv Vete",
            "code": "101289912_ST"
        },
        {
            "potentialPromotions": [
                {
                    "threshold": null,
                    "applied": false,
                    "campaignType": "GENERAL",
                    "offerStatus": null,
                    "productCodes": [
                        "101291077_ST",
                        "101291134_ST",
                        "101291173_ST",
                        "101291199_ST",
                        "101291201_ST",
                        "101291219_ST",
                        "101291220_ST",
                        "101291239_ST",
                        "101347223_ST",
                        "101355225_ST",
                        "101364788_ST",
                        "101436832_ST",
                        "101544446_ST",
                        "101595535_ST",
                        "101364593_ST"
                    ],
                    "promotionTheme": {
                        "code": "Z019",
                        "visible": null
                    },
                    "lowestHistoricalPrice": null,
                    "textLabelGenerated": "",
                    "textLabelManual": null,
                    "price": {
                        "currencyIso": "SEK",
                        "value": 8.0,
                        "priceType": "BUY",
                        "formattedValue": "8,00 kr",
                        "minQuantity": null,
                        "maxQuantity": null
                    },
                    "promotionType": "MixMatchPricePromotion",
                    "conditionLabel": "Välj & blanda! 5 för",
                    "rewardLabel": "40,00 +pant",
                    "textLabel": "",
                    "redeemLimitLabel": "",
                    "cartLabel": null,
                    "validUntil": null,
                    "timesUsed": null,
                    "qualifyingCount": 5,
                    "comparePrice": "24,24 kr",
                    "splashTitleText": "Alltid bra pris",
                    "realMixAndMatch": true,
                    "mainProductCode": "101291077_ST",
                    "conditionLabelFormatted": "5 för",
                    "promotionRedeemLimit": null,
                    "promotionPercentage": null,
                    "cartLabelFormatted": "",
                    "priority": 208,
                    "code": "10008853405"
                }
            ],
            "inactivePotentialPromotions": [],
            "priceValue": 9.5,
            "price": "9,50 kr",
            "image": {
                "imageType": "PRIMARY",
                "format": "product",
                "url": "https://assets.axfood.se/image/upload/f_auto,t_200/05000112637939_C1N1_s05",
                "altText": null,
                "galleryIndex": null,
                "width": null
            },
            "ranking": 1.0,
            "depositPrice": "1,00 kr",
            "averageWeight": null,
            "comparePrice": "28,79 kr",
            "comparePriceUnit": "l",
            "isDrugProduct": false,
            "solrSearchScore": 0.6426547169685364,
            "energyDeclaration": null,
            "newsSplashProduct": false,
            "notAllowedB2b": false,
            "notAllowedAnonymous": false,
            "productLine2": "COCA-COLA ZERO, 33cl",
            "pickupProductLine2": "COCA-COLA ZERO, 33cl",
            "priceUnit": "kr/st",
            "priceNoUnit": "9,50",
            "savingsAmount": 7.5,
            "googleAnalyticsCategory": "",
            "gdprTrackingIncompliant": false,
            "tobaccoProduct": false,
            "showGoodPriceIcon": true,
            "nicotineMedicalProduct": false,
            "tobaccoFreeNicotineProduct": false,
            "nonEkoProduct": false,
            "precautionaryStatements": [],
            "hazards": [],
            "labels": [],
            "seoDescription": "",
            "seoTitle": "",
            "manufacturer": "Coca-cola Zero",
            "incrementValue": 1.0,
            "productBasketType": {
                "code": "ST",
                "type": "ProductBasketTypeEnum"
            },
            "bargainProduct": false,
            "addToCartMessage": "",
            "thumbnail": {
                "imageType": "PRIMARY",
                "format": "thumbnail",
                "url": "https://assets.axfood.se/image/upload/f_auto,t_100/05000112637939_C1N1_s05",
                "altText": null,
                "galleryIndex": null,
                "width": null
            },
            "outOfStock": false,
            "online": true,
            "displayVolume": "33cl",
            "addToCartDisabled": false,
            "name": "Coca-cola Zero Läsk Burk",
            "code": "101291077_ST"
        },
        {
            "potentialPromotions": [
                {
                    "threshold": null,
                    "applied": false,
                    "campaignType": "GENERAL",
                    "offerStatus": null,
                    "productCodes": [
                        "101475103_ST"
                    ],
                    "promotionTheme": {
                        "code": "Z010",
                        "visible": null
                    },
                    "lowestHistoricalPrice": {
                        "currencyIso": "SEK",
                        "value": 9.9,
                        "priceType": "BUY",
                        "formattedValue": "9,90 kr",
                        "minQuantity": null,
                        "maxQuantity": null
                    },
                    "textLabelGenerated": "",
                    "textLabelManual": null,
                    "price": {
                        "currencyIso": "SEK",
                        "value": 12.9,
                        "priceType": "BUY",
                        "formattedValue": "12,90 kr",
                        "minQuantity": null,
                        "maxQuantity": null
                    },
                    "promotionType": "MixMatchPricePromotion",
                    "conditionLabel": "Spara 7,00 kr/st",
                    "rewardLabel": "12,90/st",
                    "textLabel": "",
                    "redeemLimitLabel": "",
                    "cartLabel": null,
                    "validUntil": null,
                    "timesUsed": null,
                    "qualifyingCount": 1,
                    "comparePrice": "172,00 kr",
                    "splashTitleText": "",
                    "realMixAndMatch": false,
                    "mainProductCode": "101475103_ST",
                    "conditionLabelFormatted": "",
                    "promotionRedeemLimit": null,
                    "promotionPercentage": null,
                    "cartLabelFormatted": "",
                    "priority": 408,
                    "code": "2500277614"
                }
            ],
            "inactivePotentialPromotions": [],
            "priceValue": 19.9,
            "price": "19,90 kr",
            "image": {
                "imageType": "PRIMARY",
                "format": "product",
                "url": "https://assets.axfood.se/image/upload/f_auto,t_200/03574661602691_C1N1_s02",
                "altText": null,
                "galleryIndex": null,
                "width": null
            },
            "ranking": 1.0,
            "depositPrice": "",
            "averageWeight": null,
            "comparePrice": "265,33 kr",
            "comparePriceUnit": "l",
            "isDrugProduct": false,
            "solrSearchScore": 0.6426547169685364,
            "energyDeclaration": null,
            "newsSplashProduct": false,
            "notAllowedB2b": false,
            "notAllowedAnonymous": false,
            "productLine2": "NATUSAN, 75ml",
            "pickupProductLine2": "NATUSAN, 75ml",
            "priceUnit": "kr/st",
            "priceNoUnit": "19,90",
            "savingsAmount": 7.0,
            "googleAnalyticsCategory": "",
            "gdprTrackingIncompliant": false,
            "tobaccoProduct": false,
            "showGoodPriceIcon": false,
            "nicotineMedicalProduct": false,
            "tobaccoFreeNicotineProduct": false,
            "nonEkoProduct": false,
            "precautionaryStatements": [],
            "hazards": [],
            "labels": [],
            "seoDescription": "",
            "seoTitle": "",
            "manufacturer": "Natusan",
            "incrementValue": 1.0,
            "productBasketType": {
                "code": "ST",
                "type": "ProductBasketTypeEnum"
            },
            "bargainProduct": false,
            "addToCartMessage": "",
            "thumbnail": {
                "imageType": "PRIMARY",
                "format": "thumbnail",
                "url": "https://assets.axfood.se/image/upload/f_auto,t_100/03574661602691_C1N1_s02",
                "altText": null,
                "galleryIndex": null,
                "width": null
            },
            "outOfStock": false,
            "online": true,
            "displayVolume": "75ml",
            "addToCartDisabled": false,
            "name": "24 Hour Moisture Handkräm",
            "code": "101475103_ST"
        },
        {
            "potentialPromotions": [
                {
                    "threshold": null,
                    "applied": false,
                    "campaignType": "GENERAL",
                    "offerStatus": null,
                    "productCodes": [
                        "101436954_ST"
                    ],
                    "promotionTheme": {
                        "code": "Z015",
                        "visible": null
                    },
                    "lowestHistoricalPrice": {
                        "currencyIso": "SEK",
                        "value": 149.0,
                        "priceType": "BUY",
                        "formattedValue": "149,00 kr",
                        "minQuantity": null,
                        "maxQuantity": null
                    },
                    "textLabelGenerated": "",
                    "textLabelManual": null,
                    "price": {
                        "currencyIso": "SEK",
                        "value": 149.0,
                        "priceType": "BUY",
                        "formattedValue": "149,00 kr",
                        "minQuantity": null,
                        "maxQuantity": null
                    },
                    "promotionType": "MixMatchPricePromotion",
                    "conditionLabel": "Spara 20,00 kr/st",
                    "rewardLabel": "149,00/st",
                    "textLabel": "",
                    "redeemLimitLabel": "",
                    "cartLabel": null,
                    "validUntil": null,
                    "timesUsed": null,
                    "qualifyingCount": 1,
                    "comparePrice": "67,72 kr",
                    "splashTitleText": "",
                    "realMixAndMatch": false,
                    "mainProductCode": "101436954_ST",
                    "conditionLabelFormatted": "",
                    "promotionRedeemLimit": null,
                    "promotionPercentage": null,
                    "cartLabelFormatted": "",
                    "priority": 408,
                    "code": "2500269925"
                }
            ],
            "inactivePotentialPromotions": [],
            "priceValue": 169.0,
            "price": "169,00 kr",
            "image": {
                "imageType": "PRIMARY",
                "format": "product",
                "url": "https://assets.axfood.se/image/upload/f_auto,t_200/07350024493337_C1N1_s01",
                "altText": null,
                "galleryIndex": null,
                "width": null
            },
            "ranking": 1.0,
            "depositPrice": "",
            "averageWeight": null,
            "comparePrice": "76,81 kr",
            "comparePriceUnit": "kg",
            "isDrugProduct": false,
            "solrSearchScore": 0.6426547169685364,
            "energyDeclaration": null,
            "newsSplashProduct": false,
            "notAllowedB2b": false,
            "notAllowedAnonymous": false,
            "productLine2": "JULIUS, 2,2kg",
            "pickupProductLine2": "JULIUS, 2,2kg",
            "priceUnit": "kr/st",
            "priceNoUnit": "169,00",
            "savingsAmount": 20.0,
            "googleAnalyticsCategory": "",
            "gdprTrackingIncompliant": false,
            "tobaccoProduct": false,
            "showGoodPriceIcon": false,
            "nicotineMedicalProduct": false,
            "tobaccoFreeNicotineProduct": false,
            "nonEkoProduct": false,
            "precautionaryStatements": [],
            "hazards": [],
            "labels": [
                "frozen"
            ],
            "seoDescription": "",
            "seoTitle": "",
            "manufacturer": "Julius",
            "incrementValue": 1.0,
            "productBasketType": {
                "code": "ST",
                "type": "ProductBasketTypeEnum"
            },
            "bargainProduct": false,
            "addToCartMessage": "",
            "thumbnail": {
                "imageType": "PRIMARY",
                "format": "thumbnail",
                "url": "https://assets.axfood.se/image/upload/f_auto,t_100/07350024493337_C1N1_s01",
                "altText": null,
                "galleryIndex": null,
                "width": null
            },
            "outOfStock": false,
            "online": true,
            "displayVolume": "2,2kg",
            "addToCartDisabled": false,
            "name": "Anka Hel Fryst",
            "code": "101436954_ST"
        },
        {
            "potentialPromotions": [
                {
                    "threshold": null,
                    "applied": false,
                    "campaignType": "GENERAL",
                    "offerStatus": null,
                    "productCodes": [
                        "101436414_ST",
                        "101542206_ST",
                        "101756543_ST"
                    ],
                    "promotionTheme": {
                        "code": "Z015",
                        "visible": null
                    },
                    "lowestHistoricalPrice": {
                        "currencyIso": "SEK",
                        "value": 115.0,
                        "priceType": "BUY",
                        "formattedValue": "115,00 kr",
                        "minQuantity": null,
                        "maxQuantity": null
                    },
                    "textLabelGenerated": "",
                    "textLabelManual": null,
                    "price": {
                        "currencyIso": "SEK",
                        "value": 99.0,
                        "priceType": "BUY",
                        "formattedValue": "99,00 kr",
                        "minQuantity": null,
                        "maxQuantity": null
                    },
                    "promotionType": "MixMatchPricePromotion",
                    "conditionLabel": "Spara 16,00 kr/st",
                    "rewardLabel": "99,00/st",
                    "textLabel": "",
                    "redeemLimitLabel": "",
                    "cartLabel": null,
                    "validUntil": null,
                    "timesUsed": null,
                    "qualifyingCount": 1,
                    "comparePrice": "660,00 kr",
                    "splashTitleText": "",
                    "realMixAndMatch": false,
                    "mainProductCode": "101436414_ST",
                    "conditionLabelFormatted": "",
                    "promotionRedeemLimit": null,
                    "promotionPercentage": null,
                    "cartLabelFormatted": "",
                    "priority": 408,
                    "code": "2500262484"
                }
            ],
            "inactivePotentialPromotions": [],
            "priceValue": 115.0,
            "price": "115,00 kr",
            "image": {
                "imageType": "PRIMARY",
                "format": "product",
                "url": "https://assets.axfood.se/image/upload/f_auto,t_200/03600524075644_C1N1_s01",
                "altText": null,
                "galleryIndex": null,
                "width": null
            },
            "ranking": 1.0,
            "depositPrice": "",
            "averageWeight": null,
            "comparePrice": "766,67 kr",
            "comparePriceUnit": "l",
            "isDrugProduct": false,
            "solrSearchScore": 0.6426547169685364,
            "energyDeclaration": null,
            "newsSplashProduct": false,
            "notAllowedB2b": false,
            "notAllowedAnonymous": false,
            "productLine2": "ELVITAL, 150ml",
            "pickupProductLine2": "ELVITAL, 150ml",
            "priceUnit": "kr/st",
            "priceNoUnit": "115,00",
            "savingsAmount": 16.0,
            "googleAnalyticsCategory": "",
            "gdprTrackingIncompliant": false,
            "tobaccoProduct": false,
            "showGoodPriceIcon": false,
            "nicotineMedicalProduct": false,
            "tobaccoFreeNicotineProduct": false,
            "nonEkoProduct": false,
            "precautionaryStatements": [],
            "hazards": [],
            "labels": [],
            "seoDescription": "",
            "seoTitle": "",
            "manufacturer": "Elvital",
            "incrementValue": 1.0,
            "productBasketType": {
                "code": "ST",
                "type": "ProductBasketTypeEnum"
            },
            "bargainProduct": false,
            "addToCartMessage": "",
            "thumbnail": {
                "imageType": "PRIMARY",
                "format": "thumbnail",
                "url": "https://assets.axfood.se/image/upload/f_auto,t_100/03600524075644_C1N1_s01",
                "altText": null,
                "galleryIndex": null,
                "width": null
            },
            "outOfStock": false,
            "online": true,
            "displayVolume": "150ml",
            "addToCartDisabled": false,
            "name": "Bond Repair Leave-in Serum",
            "code": "101436414_ST"
        },
        {
            "potentialPromotions": [
                {
                    "threshold": null,
                    "applied": false,
                    "campaignType": "GENERAL",
                    "offerStatus": null,
                    "productCodes": [
                        "101500964_ST"
                    ],
                    "promotionTheme": {
                        "code": "Z010",
                        "visible": null
                    },
                    "lowestHistoricalPrice": {
                        "currencyIso": "SEK",
                        "value": 59.9,
                        "priceType": "BUY",
                        "formattedValue": "59,90 kr",
                        "minQuantity": null,
                        "maxQuantity": null
                    },
                    "textLabelGenerated": "",
                    "textLabelManual": null,
                    "price": {
                        "currencyIso": "SEK",
                        "value": 53.9,
                        "priceType": "BUY",
                        "formattedValue": "53,90 kr",
                        "minQuantity": null,
                        "maxQuantity": null
                    },
                    "promotionType": "MixMatchPricePromotion",
                    "conditionLabel": "Spara 6,00 kr/st",
                    "rewardLabel": "53,90/st",
                    "textLabel": "",
                    "redeemLimitLabel": "",
                    "cartLabel": null,
                    "validUntil": null,
                    "timesUsed": null,
                    "qualifyingCount": 1,
                    "comparePrice": "215,60 kr",
                    "splashTitleText": "",
                    "realMixAndMatch": false,
                    "mainProductCode": "101500964_ST",
                    "conditionLabelFormatted": "",
                    "promotionRedeemLimit": null,
                    "promotionPercentage": null,
                    "cartLabelFormatted": "",
                    "priority": 408,
                    "code": "2500269788"
                }
            ],
            "inactivePotentialPromotions": [],
            "priceValue": 59.9,
            "price": "59,90 kr",
            "image": {
                "imageType": "PRIMARY",
                "format": "product",
                "url": "https://assets.axfood.se/image/upload/f_auto,t_200/06922130121292_C1C1_s01",
                "altText": null,
                "galleryIndex": null,
                "width": null
            },
            "ranking": 1.0,
            "depositPrice": "",
            "averageWeight": null,
            "comparePrice": "239,60 kr",
            "comparePriceUnit": "kg",
            "isDrugProduct": false,
            "solrSearchScore": 0.6426547169685364,
            "energyDeclaration": null,
            "newsSplashProduct": false,
            "notAllowedB2b": false,
            "notAllowedAnonymous": false,
            "productLine2": "TOTOLE, 250g",
            "pickupProductLine2": "TOTOLE, 250g",
            "priceUnit": "kr/st",
            "priceNoUnit": "59,90",
            "savingsAmount": 6.0,
            "googleAnalyticsCategory": "",
            "gdprTrackingIncompliant": false,
            "tobaccoProduct": false,
            "showGoodPriceIcon": false,
            "nicotineMedicalProduct": false,
            "tobaccoFreeNicotineProduct": false,
            "nonEkoProduct": false,
            "precautionaryStatements": [],
            "hazards": [],
            "labels": [],
            "seoDescription": "",
            "seoTitle": "",
            "manufacturer": "Totole",
            "incrementValue": 1.0,
            "productBasketType": {
                "code": "ST",
                "type": "ProductBasketTypeEnum"
            },
            "bargainProduct": false,
            "addToCartMessage": "",
            "thumbnail": {
                "imageType": "PRIMARY",
                "format": "thumbnail",
                "url": "https://assets.axfood.se/image/upload/f_auto,t_100/06922130121292_C1C1_s01",
                "altText": null,
                "galleryIndex": null,
                "width": null
            },
            "outOfStock": false,
            "online": true,
            "displayVolume": "250g",
            "addToCartDisabled": false,
            "name": "Chicken Flavor Bouillon",
            "code": "101500964_ST"
        },
        {
            "potentialPromotions": [
                {
                    "threshold": null,
                    "applied": false,
                    "campaignType": "GENERAL",
                    "offerStatus": null,
                    "productCodes": [
                        "101507946_ST"
                    ],
                    "promotionTheme": {
                        "code": "Z015",
                        "visible": null
                    },
                    "lowestHistoricalPrice": {
                        "currencyIso": "SEK",
                        "value": 22.9,
                        "priceType": "BUY",
                        "formattedValue": "22,90 kr",
                        "minQuantity": null,
                        "maxQuantity": null
                    },
                    "textLabelGenerated": "",
                    "textLabelManual": null,
                    "price": {
                        "currencyIso": "SEK",
                        "value": 12.9,
                        "priceType": "BUY",
                        "formattedValue": "12,90 kr",
                        "minQuantity": null,
                        "maxQuantity": null
                    },
                    "promotionType": "MixMatchPricePromotion",
                    "conditionLabel": "Spara 10,00 kr/st",
                    "rewardLabel": "12,90/st",
                    "textLabel": "",
                    "redeemLimitLabel": "",
                    "cartLabel": null,
                    "validUntil": null,
                    "timesUsed": null,
                    "qualifyingCount": 1,
                    "comparePrice": "25,80 kr",
                    "splashTitleText": "",
                    "realMixAndMatch": false,
                    "mainProductCode": "101507946_ST",
                    "conditionLabelFormatted": "",
                    "promotionRedeemLimit": null,
                    "promotionPercentage": null,
                    "cartLabelFormatted": "",
                    "priority": 408,
                    "code": "2500274967"
                }
            ],
            "inactivePotentialPromotions": [],
            "priceValue": 22.9,
            "price": "22,90 kr",
            "image": {
                "imageType": "PRIMARY",
                "format": "product",
                "url": "https://assets.axfood.se/image/upload/f_auto,t_200/07393481006023_C1N1_s01",
                "altText": null,
                "galleryIndex": null,
                "width": null
            },
            "ranking": 1.0,
            "depositPrice": "",
            "averageWeight": null,
            "comparePrice": "45,80 kr",
            "comparePriceUnit": "l",
            "isDrugProduct": false,
            "solrSearchScore": 0.6426547169685364,
            "energyDeclaration": null,
            "newsSplashProduct": false,
            "notAllowedB2b": false,
            "notAllowedAnonymous": false,
            "productLine2": "GUNRY, 500ml",
            "pickupProductLine2": "GUNRY, 500ml",
            "priceUnit": "kr/st",
            "priceNoUnit": "22,90",
            "savingsAmount": 10.0,
            "googleAnalyticsCategory": "",
            "gdprTrackingIncompliant": false,
            "tobaccoProduct": false,
            "showGoodPriceIcon": false,
            "nicotineMedicalProduct": false,
            "tobaccoFreeNicotineProduct": false,
            "nonEkoProduct": false,
            "precautionaryStatements": [],
            "hazards": [],
            "labels": [],
            "seoDescription": "",
            "seoTitle": "",
            "manufacturer": "Gunry",
            "incrementValue": 1.0,
            "productBasketType": {
                "code": "ST",
                "type": "ProductBasketTypeEnum"
            },
            "bargainProduct": false,
            "addToCartMessage": "",
            "thumbnail": {
                "imageType": "PRIMARY",
                "format": "thumbnail",
                "url": "https://assets.axfood.se/image/upload/f_auto,t_100/07393481006023_C1N1_s01",
                "altText": null,
                "galleryIndex": null,
                "width": null
            },
            "outOfStock": false,
            "online": true,
            "displayVolume": "500ml",
            "addToCartDisabled": false,
            "name": "Lavender Handsoap Flytande Handtvål",
            "code": "101507946_ST"
        },
        {
            "potentialPromotions": [
                {
                    "threshold": null,
                    "applied": false,
                    "campaignType": "GENERAL",
                    "offerStatus": null,
                    "productCodes": [
                        "101508483_ST"
                    ],
                    "promotionTheme": {
                        "code": "Z010",
                        "visible": null
                    },
                    "lowestHistoricalPrice": {
                        "currencyIso": "SEK",
                        "value": 34.9,
                        "priceType": "BUY",
                        "formattedValue": "34,90 kr",
                        "minQuantity": null,
                        "maxQuantity": null
                    },
                    "textLabelGenerated": "",
                    "textLabelManual": null,
                    "price": {
                        "currencyIso": "SEK",
                        "value": 29.9,
                        "priceType": "BUY",
                        "formattedValue": "29,90 kr",
                        "minQuantity": null,
                        "maxQuantity": null
                    },
                    "promotionType": "MixMatchPricePromotion",
                    "conditionLabel": "Spara 5,00 kr/st",
                    "rewardLabel": "29,90/st",
                    "textLabel": "",
                    "redeemLimitLabel": "",
                    "cartLabel": null,
                    "validUntil": null,
                    "timesUsed": null,
                    "qualifyingCount": 1,
                    "comparePrice": "59,80 kr",
                    "splashTitleText": "",
                    "realMixAndMatch": false,
                    "mainProductCode": "101508483_ST",
                    "conditionLabelFormatted": "",
                    "promotionRedeemLimit": null,
                    "promotionPercentage": null,
                    "cartLabelFormatted": "",
                    "priority": 408,
                    "code": "2500269716"
                }
            ],
            "inactivePotentialPromotions": [],
            "priceValue": 34.9,
            "price": "34,90 kr",
            "image": {
                "imageType": "PRIMARY",
                "format": "product",
                "url": "https://assets.axfood.se/image/upload/f_auto,t_200/07311870010796_C1L1_s01",
                "altText": null,
                "galleryIndex": null,
                "width": null
            },
            "ranking": 1.0,
            "depositPrice": "",
            "averageWeight": null,
            "comparePrice": "69,80 kr",
            "comparePriceUnit": "l",
            "isDrugProduct": false,
            "solrSearchScore": 0.6426547169685364,
            "energyDeclaration": null,
            "newsSplashProduct": false,
            "notAllowedB2b": false,
            "notAllowedAnonymous": false,
            "productLine2": "ARLA KÖKET, 5dl",
            "pickupProductLine2": "ARLA KÖKET, 5dl",
            "priceUnit": "kr/st",
            "priceNoUnit": "34,90",
            "savingsAmount": 5.0,
            "googleAnalyticsCategory": "",
            "gdprTrackingIncompliant": false,
            "tobaccoProduct": false,
            "showGoodPriceIcon": false,
            "nicotineMedicalProduct": false,
            "tobaccoFreeNicotineProduct": false,
            "nonEkoProduct": false,
            "precautionaryStatements": [],
            "hazards": [],
            "labels": [
                "keyhole",
                "laktosfree"
            ],
            "seoDescription": "",
            "seoTitle": "",
            "manufacturer": "Arla Köket",
            "incrementValue": 1.0,
            "productBasketType": {
                "code": "ST",
                "type": "ProductBasketTypeEnum"
            },
            "bargainProduct": false,
            "addToCartMessage": "",
            "thumbnail": {
                "imageType": "PRIMARY",
                "format": "thumbnail",
                "url": "https://assets.axfood.se/image/upload/f_auto,t_100/07311870010796_C1L1_s01",
                "altText": null,
                "galleryIndex": null,
                "width": null
            },
            "outOfStock": false,
            "online": true,
            "displayVolume": "5dl",
            "addToCartDisabled": false,
            "name": "Smör&rapsolja Flytande Laktosfri",
            "code": "101508483_ST"
        },
        {
            "potentialPromotions": [
                {
                    "threshold": null,
                    "applied": false,
                    "campaignType": "GENERAL",
                    "offerStatus": null,
                    "productCodes": [
                        "101514279_ST",
                        "101598399_ST"
                    ],
                    "promotionTheme": {
                        "code": "Z010",
                        "visible": null
                    },
                    "lowestHistoricalPrice": {
                        "currencyIso": "SEK",
                        "value": 29.9,
                        "priceType": "BUY",
                        "formattedValue": "29,90 kr",
                        "minQuantity": null,
                        "maxQuantity": null
                    },
                    "textLabelGenerated": "",
                    "textLabelManual": null,
                    "price": {
                        "currencyIso": "SEK",
                        "value": 29.9,
                        "priceType": "BUY",
                        "formattedValue": "29,90 kr",
                        "minQuantity": null,
                        "maxQuantity": null
                    },
                    "promotionType": "MixMatchPricePromotion",
                    "conditionLabel": "Spara 5,00 kr/st",
                    "rewardLabel": "29,90/st",
                    "textLabel": "",
                    "redeemLimitLabel": "",
                    "cartLabel": null,
                    "validUntil": null,
                    "timesUsed": null,
                    "qualifyingCount": 1,
                    "comparePrice": "46,00 kr",
                    "splashTitleText": "",
                    "realMixAndMatch": false,
                    "mainProductCode": "101514279_ST",
                    "conditionLabelFormatted": "",
                    "promotionRedeemLimit": null,
                    "promotionPercentage": null,
                    "cartLabelFormatted": "",
                    "priority": 408,
                    "code": "2500269724"
                }
            ],
            "inactivePotentialPromotions": [],
            "priceValue": 34.9,
            "price": "34,90 kr",
            "image": {
                "imageType": "PRIMARY",
                "format": "product",
                "url": "https://assets.axfood.se/image/upload/f_auto,t_200/07391737007602_C1L1_s01",
                "altText": null,
                "galleryIndex": null,
                "width": null
            },
            "ranking": 1.0,
            "depositPrice": "",
            "averageWeight": null,
            "comparePrice": "53,69 kr",
            "comparePriceUnit": "kg",
            "isDrugProduct": false,
            "solrSearchScore": 0.6426547169685364,
            "energyDeclaration": null,
            "newsSplashProduct": false,
            "notAllowedB2b": false,
            "notAllowedAnonymous": false,
            "productLine2": "SÖDERVIDINGE, 650g",
            "pickupProductLine2": "SÖDERVIDINGE, 650g",
            "priceUnit": "kr/st",
            "priceNoUnit": "34,90",
            "savingsAmount": 5.0,
            "googleAnalyticsCategory": "",
            "gdprTrackingIncompliant": false,
            "tobaccoProduct": false,
            "showGoodPriceIcon": false,
            "nicotineMedicalProduct": false,
            "tobaccoFreeNicotineProduct": false,
            "nonEkoProduct": false,
            "precautionaryStatements": [],
            "hazards": [],
            "labels": [
                "swedish_flag",
                "from_sweden"
            ],
            "seoDescription": "",
            "seoTitle": "",
            "manufacturer": "Södervidinge",
            "incrementValue": 1.0,
            "productBasketType": {
                "code": "ST",
                "type": "ProductBasketTypeEnum"
            },
            "bargainProduct": false,
            "addToCartMessage": "",
            "thumbnail": {
                "imageType": "PRIMARY",
                "format": "thumbnail",
                "url": "https://assets.axfood.se/image/upload/f_auto,t_100/07391737007602_C1L1_s01",
                "altText": null,
                "galleryIndex": null,
                "width": null
            },
            "outOfStock": false,
            "online": true,
            "displayVolume": "650g",
            "addToCartDisabled": false,
            "name": "Levain Medelhavs",
            "code": "101514279_ST"
        },
        {
            "potentialPromotions": [
                {
                    "threshold": null,
                    "applied": false,
                    "campaignType": "GENERAL",
                    "offerStatus": null,
                    "productCodes": [
                        "101542203_ST",
                        "101542204_ST",
                        "101756544_ST",
                        "101756545_ST",
                        "101436412_ST",
                        "101436413_ST"
                    ],
                    "promotionTheme": {
                        "code": "Z015",
                        "visible": null
                    },
                    "lowestHistoricalPrice": {
                        "currencyIso": "SEK",
                        "value": 74.9,
                        "priceType": "BUY",
                        "formattedValue": "74,90 kr",
                        "minQuantity": null,
                        "maxQuantity": null
                    },
                    "textLabelGenerated": "",
                    "textLabelManual": null,
                    "price": {
                        "currencyIso": "SEK",
                        "value": 64.9,
                        "priceType": "BUY",
                        "formattedValue": "64,90 kr",
                        "minQuantity": null,
                        "maxQuantity": null
                    },
                    "promotionType": "MixMatchPricePromotion",
                    "conditionLabel": "Spara 10,00 kr/st",
                    "rewardLabel": "64,90/st",
                    "textLabel": "",
                    "redeemLimitLabel": "",
                    "cartLabel": null,
                    "validUntil": null,
                    "timesUsed": null,
                    "qualifyingCount": 1,
                    "comparePrice": "324,50 kr",
                    "splashTitleText": "",
                    "realMixAndMatch": false,
                    "mainProductCode": "101542203_ST",
                    "conditionLabelFormatted": "",
                    "promotionRedeemLimit": null,
                    "promotionPercentage": null,
                    "cartLabelFormatted": "",
                    "priority": 408,
                    "code": "2500262483"
                }
            ],
            "inactivePotentialPromotions": [],
            "priceValue": 74.9,
            "price": "74,90 kr",
            "image": {
                "imageType": "PRIMARY",
                "format": "product",
                "url": "https://assets.axfood.se/image/upload/f_auto,t_200/03600524127947_C1N1_s01",
                "altText": null,
                "galleryIndex": null,
                "width": null
            },
            "ranking": 1.0,
            "depositPrice": "",
            "averageWeight": null,
            "comparePrice": "374,50 kr",
            "comparePriceUnit": "l",
            "isDrugProduct": false,
            "solrSearchScore": 0.6426547169685364,
            "energyDeclaration": null,
            "newsSplashProduct": false,
            "notAllowedB2b": false,
            "notAllowedAnonymous": false,
            "productLine2": "ELVITAL, 200ml",
            "pickupProductLine2": "ELVITAL, 200ml",
            "priceUnit": "kr/st",
            "priceNoUnit": "74,90",
            "savingsAmount": 10.0,
            "googleAnalyticsCategory": "",
            "gdprTrackingIncompliant": false,
            "tobaccoProduct": false,
            "showGoodPriceIcon": false,
            "nicotineMedicalProduct": false,
            "tobaccoFreeNicotineProduct": false,
            "nonEkoProduct": false,
            "precautionaryStatements": [],
            "hazards": [],
            "labels": [],
            "seoDescription": "",
            "seoTitle": "",
            "manufacturer": "Elvital",
            "incrementValue": 1.0,
            "productBasketType": {
                "code": "ST",
                "type": "ProductBasketTypeEnum"
            },
            "bargainProduct": false,
            "addToCartMessage": "",
            "thumbnail": {
                "imageType": "PRIMARY",
                "format": "thumbnail",
                "url": "https://assets.axfood.se/image/upload/f_auto,t_100/03600524127947_C1N1_s01",
                "altText": null,
                "galleryIndex": null,
                "width": null
            },
            "outOfStock": false,
            "online": true,
            "displayVolume": "200ml",
            "addToCartDisabled": false,
            "name": "Glycolic Gloss 2% Gloss Complex Schampo",
            "code": "101542203_ST"
        },
        {
            "potentialPromotions": [
                {
                    "threshold": null,
                    "applied": false,
                    "campaignType": "GENERAL",
                    "offerStatus": null,
                    "productCodes": [
                        "101345186_ST"
                    ],
                    "promotionTheme": {
                        "code": "Z010",
                        "visible": null
                    },
                    "lowestHistoricalPrice": null,
                    "textLabelGenerated": "",
                    "textLabelManual": null,
                    "price": {
                        "currencyIso": "SEK",
                        "value": 49.9,
                        "priceType": "BUY",
                        "formattedValue": "49,90 kr",
                        "minQuantity": null,
                        "maxQuantity": null
                    },
                    "promotionType": "MixMatchPricePromotion",
                    "conditionLabel": "Spara 10,00 kr/st",
                    "rewardLabel": "49,90/st",
                    "textLabel": "",
                    "redeemLimitLabel": "",
                    "cartLabel": null,
                    "validUntil": null,
                    "timesUsed": null,
                    "qualifyingCount": 1,
                    "comparePrice": "166,33 kr",
                    "splashTitleText": "",
                    "realMixAndMatch": false,
                    "mainProductCode": "101345186_ST",
                    "conditionLabelFormatted": "",
                    "promotionRedeemLimit": null,
                    "promotionPercentage": null,
                    "cartLabelFormatted": "",
                    "priority": 408,
                    "code": "2500269836"
                }
            ],
            "inactivePotentialPromotions": [],
            "priceValue": 59.9,
            "price": "59,90 kr",
            "image": {
                "imageType": "PRIMARY",
                "format": "product",
                "url": "https://assets.axfood.se/image/upload/f_auto,t_200/07340083490866_C1L1_s01",
                "altText": null,
                "galleryIndex": null,
                "width": null
            },
            "ranking": 1.0,
            "depositPrice": "",
            "averageWeight": null,
            "comparePrice": "199,66 kr",
            "comparePriceUnit": "kg",
            "isDrugProduct": false,
            "solrSearchScore": 0.6426547169685364,
            "energyDeclaration": null,
            "newsSplashProduct": false,
            "notAllowedB2b": false,
            "notAllowedAnonymous": false,
            "productLine2": "FALKENBERG, 300g",
            "pickupProductLine2": "FALKENBERG, 300g",
            "priceUnit": "kr/st",
            "priceNoUnit": "59,90",
            "savingsAmount": 10.0,
            "googleAnalyticsCategory": "",
            "gdprTrackingIncompliant": false,
            "tobaccoProduct": false,
            "showGoodPriceIcon": false,
            "nicotineMedicalProduct": false,
            "tobaccoFreeNicotineProduct": false,
            "nonEkoProduct": true,
            "precautionaryStatements": [],
            "hazards": [],
            "labels": [
                "msc_fish",
                "environmental_facet"
            ],
            "seoDescription": "",
            "seoTitle": "",
            "manufacturer": "Falkenberg",
            "incrementValue": 1.0,
            "productBasketType": {
                "code": "ST",
                "type": "ProductBasketTypeEnum"
            },
            "bargainProduct": false,
            "addToCartMessage": "",
            "thumbnail": {
                "imageType": "PRIMARY",
                "format": "thumbnail",
                "url": "https://assets.axfood.se/image/upload/f_auto,t_100/07340083490866_C1L1_s01",
                "altText": null,
                "galleryIndex": null,
                "width": null
            },
            "outOfStock": false,
            "online": true,
            "displayVolume": "300g",
            "addToCartDisabled": false,
            "name": "Panerad Sej Förstekt",
            "code": "101345186_ST"
        },
        {
            "potentialPromotions": [
                {
                    "threshold": null,
                    "applied": false,
                    "campaignType": "GENERAL",
                    "offerStatus": null,
                    "productCodes": [
                        "101349036_ST"
                    ],
                    "promotionTheme": {
                        "code": "Z015",
                        "visible": null
                    },
                    "lowestHistoricalPrice": {
                        "currencyIso": "SEK",
                        "value": 45.9,
                        "priceType": "BUY",
                        "formattedValue": "45,90 kr",
                        "minQuantity": null,
                        "maxQuantity": null
                    },
                    "textLabelGenerated": "",
                    "textLabelManual": null,
                    "price": {
                        "currencyIso": "SEK",
                        "value": 39.9,
                        "priceType": "BUY",
                        "formattedValue": "39,90 kr",
                        "minQuantity": null,
                        "maxQuantity": null
                    },
                    "promotionType": "MixMatchPricePromotion",
                    "conditionLabel": "Spara 6,00 kr/st",
                    "rewardLabel": "39,90/st",
                    "textLabel": "",
                    "redeemLimitLabel": "",
                    "cartLabel": null,
                    "validUntil": null,
                    "timesUsed": null,
                    "qualifyingCount": 1,
                    "comparePrice": "199,50 kr",
                    "splashTitleText": "",
                    "realMixAndMatch": false,
                    "mainProductCode": "101349036_ST",
                    "conditionLabelFormatted": "",
                    "promotionRedeemLimit": null,
                    "promotionPercentage": null,
                    "cartLabelFormatted": "",
                    "priority": 408,
                    "code": "2500269772"
                }
            ],
            "inactivePotentialPromotions": [],
            "priceValue": 45.9,
            "price": "45,90 kr",
            "image": {
                "imageType": "PRIMARY",
                "format": "product",
                "url": "https://assets.axfood.se/image/upload/f_auto,t_200/07702018015665_C1N1_s04",
                "altText": null,
                "galleryIndex": null,
                "width": null
            },
            "ranking": 1.0,
            "depositPrice": "",
            "averageWeight": null,
            "comparePrice": "229,50 kr",
            "comparePriceUnit": "l",
            "isDrugProduct": false,
            "solrSearchScore": 0.6426547169685364,
            "energyDeclaration": null,
            "newsSplashProduct": false,
            "notAllowedB2b": false,
            "notAllowedAnonymous": false,
            "productLine2": "VENUS, 200ml",
            "pickupProductLine2": "VENUS, 200ml",
            "priceUnit": "kr/st",
            "priceNoUnit": "45,90",
            "savingsAmount": 6.0,
            "googleAnalyticsCategory": "",
            "gdprTrackingIncompliant": false,
            "tobaccoProduct": false,
            "showGoodPriceIcon": false,
            "nicotineMedicalProduct": false,
            "tobaccoFreeNicotineProduct": false,
            "nonEkoProduct": false,
            "precautionaryStatements": [],
            "hazards": [],
            "labels": [
                "warning",
                "no_pictogram"
            ],
            "seoDescription": "",
            "seoTitle": "",
            "manufacturer": "Venus",
            "incrementValue": 1.0,
            "productBasketType": {
                "code": "ST",
                "type": "ProductBasketTypeEnum"
            },
            "bargainProduct": false,
            "addToCartMessage": "",
            "thumbnail": {
                "imageType": "PRIMARY",
                "format": "thumbnail",
                "url": "https://assets.axfood.se/image/upload/f_auto,t_100/07702018015665_C1N1_s04",
                "altText": null,
                "galleryIndex": null,
                "width": null
            },
            "outOfStock": false,
            "online": true,
            "displayVolume": "200ml",
            "addToCartDisabled": false,
            "name": "Satin Care Sensitive Skin Rakgel",
            "code": "101349036_ST"
        },
        {
            "potentialPromotions": [
                {
                    "threshold": null,
                    "applied": false,
                    "campaignType": "GENERAL",
                    "offerStatus": null,
                    "productCodes": [
                        "101350450_ST",
                        "101285368_ST"
                    ],
                    "promotionTheme": {
                        "code": "Z015",
                        "visible": null
                    },
                    "lowestHistoricalPrice": {
                        "currencyIso": "SEK",
                        "value": 24.9,
                        "priceType": "BUY",
                        "formattedValue": "24,90 kr",
                        "minQuantity": null,
                        "maxQuantity": null
                    },
                    "textLabelGenerated": "",
                    "textLabelManual": null,
                    "price": {
                        "currencyIso": "SEK",
                        "value": 24.9,
                        "priceType": "BUY",
                        "formattedValue": "24,90 kr",
                        "minQuantity": null,
                        "maxQuantity": null
                    },
                    "promotionType": "MixMatchPricePromotion",
                    "conditionLabel": "Spara 3,60 kr/st",
                    "rewardLabel": "24,90/st",
                    "textLabel": "",
                    "redeemLimitLabel": "",
                    "cartLabel": null,
                    "validUntil": null,
                    "timesUsed": null,
                    "qualifyingCount": 1,
                    "comparePrice": "60,15 kr",
                    "splashTitleText": "",
                    "realMixAndMatch": false,
                    "mainProductCode": "101350450_ST",
                    "conditionLabelFormatted": "",
                    "promotionRedeemLimit": null,
                    "promotionPercentage": null,
                    "cartLabelFormatted": "",
                    "priority": 408,
                    "code": "2500276290"
                }
            ],
            "inactivePotentialPromotions": [],
            "priceValue": 28.5,
            "price": "28,50 kr",
            "image": {
                "imageType": "PRIMARY",
                "format": "product",
                "url": "https://assets.axfood.se/image/upload/f_auto,t_200/07350092180207_C1N1_s02",
                "altText": null,
                "galleryIndex": null,
                "width": null
            },
            "ranking": 1.0,
            "depositPrice": "",
            "averageWeight": null,
            "comparePrice": "68,84 kr",
            "comparePriceUnit": "l",
            "isDrugProduct": false,
            "solrSearchScore": 0.6426547169685364,
            "energyDeclaration": null,
            "newsSplashProduct": false,
            "notAllowedB2b": false,
            "notAllowedAnonymous": false,
            "productLine2": "HUMM, 414ml",
            "pickupProductLine2": "HUMM, 414ml",
            "priceUnit": "kr/st",
            "priceNoUnit": "28,50",
            "savingsAmount": 3.6,
            "googleAnalyticsCategory": "",
            "gdprTrackingIncompliant": false,
            "tobaccoProduct": false,
            "showGoodPriceIcon": false,
            "nicotineMedicalProduct": false,
            "tobaccoFreeNicotineProduct": false,
            "nonEkoProduct": false,
            "precautionaryStatements": [],
            "hazards": [],
            "labels": [
                "ecological",
                "eu_ecological"
            ],
            "seoDescription": "",
            "seoTitle": "",
            "manufacturer": "Humm",
            "incrementValue": 1.0,
            "productBasketType": {
                "code": "ST",
                "type": "ProductBasketTypeEnum"
            },
            "bargainProduct": false,
            "addToCartMessage": "",
            "thumbnail": {
                "imageType": "PRIMARY",
                "format": "thumbnail",
                "url": "https://assets.axfood.se/image/upload/f_auto,t_100/07350092180207_C1N1_s02",
                "altText": null,
                "galleryIndex": null,
                "width": null
            },
            "outOfStock": false,
            "online": true,
            "displayVolume": "414ml",
            "addToCartDisabled": false,
            "name": "Grapefruit Kombucha 0,5%",
            "code": "101350450_ST"
        },
        {
            "potentialPromotions": [
                {
                    "threshold": null,
                    "applied": false,
                    "campaignType": "GENERAL",
                    "offerStatus": null,
                    "productCodes": [
                        "101418628_ST",
                        "101418630_ST",
                        "101268844_ST",
                        "101702807_ST"
                    ],
                    "promotionTheme": {
                        "code": "Z015",
                        "visible": null
                    },
                    "lowestHistoricalPrice": {
                        "currencyIso": "SEK",
                        "value": 31.9,
                        "priceType": "BUY",
                        "formattedValue": "31,90 kr",
                        "minQuantity": null,
                        "maxQuantity": null
                    },
                    "textLabelGenerated": "",
                    "textLabelManual": null,
                    "price": {
                        "currencyIso": "SEK",
                        "value": 24.9,
                        "priceType": "BUY",
                        "formattedValue": "24,90 kr",
                        "minQuantity": null,
                        "maxQuantity": null
                    },
                    "promotionType": "MixMatchPricePromotion",
                    "conditionLabel": "Spara 7,00 kr/st",
                    "rewardLabel": "24,90/st",
                    "textLabel": "",
                    "redeemLimitLabel": "",
                    "cartLabel": null,
                    "validUntil": null,
                    "timesUsed": null,
                    "qualifyingCount": 1,
                    "comparePrice": "12,45 kr",
                    "splashTitleText": "",
                    "realMixAndMatch": false,
                    "mainProductCode": "101418628_ST",
                    "conditionLabelFormatted": "",
                    "promotionRedeemLimit": null,
                    "promotionPercentage": null,
                    "cartLabelFormatted": "",
                    "priority": 408,
                    "code": "2500270007"
                }
            ],
            "inactivePotentialPromotions": [],
            "priceValue": 31.9,
            "price": "31,90 kr",
            "image": {
                "imageType": "PRIMARY",
                "format": "product",
                "url": "https://assets.axfood.se/image/upload/f_auto,t_200/05201395144439_C1N1_s02",
                "altText": null,
                "galleryIndex": null,
                "width": null
            },
            "ranking": 1.0,
            "depositPrice": "",
            "averageWeight": null,
            "comparePrice": "15,95 kr",
            "comparePriceUnit": "st",
            "isDrugProduct": false,
            "solrSearchScore": 0.6426547169685364,
            "energyDeclaration": null,
            "newsSplashProduct": false,
            "notAllowedB2b": false,
            "notAllowedAnonymous": false,
            "productLine2": "WC BREF, 2p",
            "pickupProductLine2": "WC BREF, 2p",
            "priceUnit": "kr/st",
            "priceNoUnit": "31,90",
            "savingsAmount": 7.0,
            "googleAnalyticsCategory": "",
            "gdprTrackingIncompliant": false,
            "tobaccoProduct": false,
            "showGoodPriceIcon": false,
            "nicotineMedicalProduct": false,
            "tobaccoFreeNicotineProduct": false,
            "nonEkoProduct": false,
            "precautionaryStatements": [],
            "hazards": [],
            "labels": [
                "danger",
                "corrosion"
            ],
            "seoDescription": "",
            "seoTitle": "",
            "manufacturer": "Wc Bref",
            "incrementValue": 1.0,
            "productBasketType": {
                "code": "ST",
                "type": "ProductBasketTypeEnum"
            },
            "bargainProduct": false,
            "addToCartMessage": "",
            "thumbnail": {
                "imageType": "PRIMARY",
                "format": "thumbnail",
                "url": "https://assets.axfood.se/image/upload/f_auto,t_100/05201395144439_C1N1_s02",
                "altText": null,
                "galleryIndex": null,
                "width": null
            },
            "outOfStock": false,
            "online": true,
            "displayVolume": "2p",
            "addToCartDisabled": false,
            "name": "Power Active Ocean Wc-rengörare",
            "code": "101418628_ST"
        },
        {
            "potentialPromotions": [
                {
                    "threshold": null,
                    "applied": false,
                    "campaignType": "GENERAL",
                    "offerStatus": null,
                    "productCodes": [
                        "101361030_ST"
                    ],
                    "promotionTheme": {
                        "code": "Z015",
                        "visible": null
                    },
                    "lowestHistoricalPrice": {
                        "currencyIso": "SEK",
                        "value": 35.9,
                        "priceType": "BUY",
                        "formattedValue": "35,90 kr",
                        "minQuantity": null,
                        "maxQuantity": null
                    },
                    "textLabelGenerated": "",
                    "textLabelManual": null,
                    "price": {
                        "currencyIso": "SEK",
                        "value": 29.9,
                        "priceType": "BUY",
                        "formattedValue": "29,90 kr",
                        "minQuantity": null,
                        "maxQuantity": null
                    },
                    "promotionType": "MixMatchPricePromotion",
                    "conditionLabel": "Spara 6,00 kr/st",
                    "rewardLabel": "29,90/st",
                    "textLabel": "",
                    "redeemLimitLabel": "",
                    "cartLabel": null,
                    "validUntil": null,
                    "timesUsed": null,
                    "qualifyingCount": 1,
                    "comparePrice": "24,92 kr",
                    "splashTitleText": "",
                    "realMixAndMatch": false,
                    "mainProductCode": "101361030_ST",
                    "conditionLabelFormatted": "",
                    "promotionRedeemLimit": null,
                    "promotionPercentage": null,
                    "cartLabelFormatted": "",
                    "priority": 408,
                    "code": "2500269061"
                }
            ],
            "inactivePotentialPromotions": [],
            "priceValue": 35.9,
            "price": "35,90 kr",
            "image": {
                "imageType": "PRIMARY",
                "format": "product",
                "url": "https://assets.axfood.se/image/upload/f_auto,t_200/08001440118944_C1C1_s01",
                "altText": null,
                "galleryIndex": null,
                "width": null
            },
            "ranking": 1.0,
            "depositPrice": "",
            "averageWeight": null,
            "comparePrice": "29,92 kr",
            "comparePriceUnit": "kg",
            "isDrugProduct": false,
            "solrSearchScore": 0.6426547169685364,
            "energyDeclaration": null,
            "newsSplashProduct": false,
            "notAllowedB2b": false,
            "notAllowedAnonymous": false,
            "productLine2": "CIRIO, 3x400g",
            "pickupProductLine2": "CIRIO, 3x400g",
            "priceUnit": "kr/st",
            "priceNoUnit": "35,90",
            "savingsAmount": 6.0,
            "googleAnalyticsCategory": "",
            "gdprTrackingIncompliant": false,
            "tobaccoProduct": false,
            "showGoodPriceIcon": false,
            "nicotineMedicalProduct": false,
            "tobaccoFreeNicotineProduct": false,
            "nonEkoProduct": false,
            "precautionaryStatements": [],
            "hazards": [],
            "labels": [],
            "seoDescription": "",
            "seoTitle": "",
            "manufacturer": "Cirio",
            "incrementValue": 1.0,
            "productBasketType": {
                "code": "ST",
                "type": "ProductBasketTypeEnum"
            },
            "bargainProduct": false,
            "addToCartMessage": "",
            "thumbnail": {
                "imageType": "PRIMARY",
                "format": "thumbnail",
                "url": "https://assets.axfood.se/image/upload/f_auto,t_100/08001440118944_C1C1_s01",
                "altText": null,
                "galleryIndex": null,
                "width": null
            },
            "outOfStock": false,
            "online": true,
            "displayVolume": "3x400g",
            "addToCartDisabled": false,
            "name": "Tomater Finkrossade",
            "code": "101361030_ST"
        },
        {
            "potentialPromotions": [
                {
                    "threshold": null,
                    "applied": false,
                    "campaignType": "GENERAL",
                    "offerStatus": null,
                    "productCodes": [
                        "101425850_ST",
                        "101425841_ST",
                        "101425559_ST",
                        "101425807_ST"
                    ],
                    "promotionTheme": {
                        "code": "Z015",
                        "visible": null
                    },
                    "lowestHistoricalPrice": {
                        "currencyIso": "SEK",
                        "value": 37.9,
                        "priceType": "BUY",
                        "formattedValue": "37,90 kr",
                        "minQuantity": null,
                        "maxQuantity": null
                    },
                    "textLabelGenerated": "",
                    "textLabelManual": null,
                    "price": {
                        "currencyIso": "SEK",
                        "value": 37.9,
                        "priceType": "BUY",
                        "formattedValue": "37,90 kr",
                        "minQuantity": null,
                        "maxQuantity": null
                    },
                    "promotionType": "MixMatchPricePromotion",
                    "conditionLabel": "Spara 10,00 kr/st",
                    "rewardLabel": "37,90/st  +pant",
                    "textLabel": "",
                    "redeemLimitLabel": "",
                    "cartLabel": null,
                    "validUntil": null,
                    "timesUsed": null,
                    "qualifyingCount": 1,
                    "comparePrice": "54,14 kr",
                    "splashTitleText": "",
                    "realMixAndMatch": false,
                    "mainProductCode": "101425850_ST",
                    "conditionLabelFormatted": "",
                    "promotionRedeemLimit": null,
                    "promotionPercentage": null,
                    "cartLabelFormatted": "",
                    "priority": 408,
                    "code": "2500269121"
                }
            ],
            "inactivePotentialPromotions": [],
            "priceValue": 47.9,
            "price": "47,90 kr",
            "image": {
                "imageType": "PRIMARY",
                "format": "product",
                "url": "https://assets.axfood.se/image/upload/f_auto,t_200/07350068170072_C1N1_s02",
                "altText": null,
                "galleryIndex": null,
                "width": null
            },
            "ranking": 1.0,
            "depositPrice": "1,00 kr",
            "averageWeight": null,
            "comparePrice": "68,43 kr",
            "comparePriceUnit": "l",
            "isDrugProduct": false,
            "solrSearchScore": 0.6426547169685364,
            "energyDeclaration": null,
            "newsSplashProduct": false,
            "notAllowedB2b": false,
            "notAllowedAnonymous": false,
            "productLine2": "RÅSAFT, 700ml",
            "pickupProductLine2": "RÅSAFT, 700ml",
            "priceUnit": "kr/st",
            "priceNoUnit": "47,90",
            "savingsAmount": 10.0,
            "googleAnalyticsCategory": "",
            "gdprTrackingIncompliant": false,
            "tobaccoProduct": false,
            "showGoodPriceIcon": false,
            "nicotineMedicalProduct": false,
            "tobaccoFreeNicotineProduct": false,
            "nonEkoProduct": false,
            "precautionaryStatements": [],
            "hazards": [],
            "labels": [],
            "seoDescription": "",
            "seoTitle": "",
            "manufacturer": "Råsaft",
            "incrementValue": 1.0,
            "productBasketType": {
                "code": "ST",
                "type": "ProductBasketTypeEnum"
            },
            "bargainProduct": false,
            "addToCartMessage": "",
            "thumbnail": {
                "imageType": "PRIMARY",
                "format": "thumbnail",
                "url": "https://assets.axfood.se/image/upload/f_auto,t_100/07350068170072_C1N1_s02",
                "altText": null,
                "galleryIndex": null,
                "width": null
            },
            "outOfStock": false,
            "online": true,
            "displayVolume": "700ml",
            "addToCartDisabled": false,
            "name": "Äpple Ananas Lime Ingefära Mynta Kallpressad Juice",
            "code": "101425850_ST"
        },
        {
            "potentialPromotions": [
                {
                    "threshold": null,
                    "applied": false,
                    "campaignType": "GENERAL",
                    "offerStatus": null,
                    "productCodes": [
                        "101424670_ST"
                    ],
                    "promotionTheme": {
                        "code": "Z015",
                        "visible": null
                    },
                    "lowestHistoricalPrice": {
                        "currencyIso": "SEK",
                        "value": 19.9,
                        "priceType": "BUY",
                        "formattedValue": "19,90 kr",
                        "minQuantity": null,
                        "maxQuantity": null
                    },
                    "textLabelGenerated": "",
                    "textLabelManual": null,
                    "price": {
                        "currencyIso": "SEK",
                        "value": 9.9,
                        "priceType": "BUY",
                        "formattedValue": "9,90 kr",
                        "minQuantity": null,
                        "maxQuantity": null
                    },
                    "promotionType": "MixMatchPricePromotion",
                    "conditionLabel": "Spara 10,00 kr/st",
                    "rewardLabel": "9,90/st",
                    "textLabel": "",
                    "redeemLimitLabel": "",
                    "cartLabel": null,
                    "validUntil": null,
                    "timesUsed": null,
                    "qualifyingCount": 1,
                    "comparePrice": "23,57 kr",
                    "splashTitleText": "",
                    "realMixAndMatch": false,
                    "mainProductCode": "101424670_ST",
                    "conditionLabelFormatted": "",
                    "promotionRedeemLimit": null,
                    "promotionPercentage": null,
                    "cartLabelFormatted": "",
                    "priority": 408,
                    "code": "2500274431"
                }
            ],
            "inactivePotentialPromotions": [],
            "priceValue": 19.9,
            "price": "19,90 kr",
            "image": {
                "imageType": "PRIMARY",
                "format": "product",
                "url": "https://assets.axfood.se/image/upload/f_auto,t_200/07350126083467_C1L1_s02",
                "altText": null,
                "galleryIndex": null,
                "width": null
            },
            "ranking": 1.0,
            "depositPrice": "",
            "averageWeight": null,
            "comparePrice": "47,38 kr",
            "comparePriceUnit": "kg",
            "isDrugProduct": false,
            "solrSearchScore": 0.6426547169685364,
            "energyDeclaration": null,
            "newsSplashProduct": false,
            "notAllowedB2b": false,
            "notAllowedAnonymous": false,
            "productLine2": "EKSTRÖMS, 420g",
            "pickupProductLine2": "EKSTRÖMS, 420g",
            "priceUnit": "kr/st",
            "priceNoUnit": "19,90",
            "savingsAmount": 10.0,
            "googleAnalyticsCategory": "",
            "gdprTrackingIncompliant": false,
            "tobaccoProduct": false,
            "showGoodPriceIcon": false,
            "nicotineMedicalProduct": false,
            "tobaccoFreeNicotineProduct": false,
            "nonEkoProduct": false,
            "precautionaryStatements": [],
            "hazards": [],
            "labels": [],
            "seoDescription": "",
            "seoTitle": "",
            "manufacturer": "Ekströms",
            "incrementValue": 1.0,
            "productBasketType": {
                "code": "ST",
                "type": "ProductBasketTypeEnum"
            },
            "bargainProduct": false,
            "addToCartMessage": "",
            "thumbnail": {
                "imageType": "PRIMARY",
                "format": "thumbnail",
                "url": "https://assets.axfood.se/image/upload/f_auto,t_100/07350126083467_C1L1_s02",
                "altText": null,
                "galleryIndex": null,
                "width": null
            },
            "outOfStock": false,
            "online": true,
            "displayVolume": "420g",
            "addToCartDisabled": false,
            "name": "Frasvåfflor Mix",
            "code": "101424670_ST"
        },
        {
            "potentialPromotions": [
                {
                    "threshold": null,
                    "applied": false,
                    "campaignType": "GENERAL",
                    "offerStatus": null,
                    "productCodes": [
                        "101424753_ST",
                        "101696464_ST",
                        "101469758_ST"
                    ],
                    "promotionTheme": {
                        "code": "Z015",
                        "visible": null
                    },
                    "lowestHistoricalPrice": {
                        "currencyIso": "SEK",
                        "value": 49.9,
                        "priceType": "BUY",
                        "formattedValue": "49,90 kr",
                        "minQuantity": null,
                        "maxQuantity": null
                    },
                    "textLabelGenerated": "",
                    "textLabelManual": null,
                    "price": {
                        "currencyIso": "SEK",
                        "value": 44.9,
                        "priceType": "BUY",
                        "formattedValue": "44,90 kr",
                        "minQuantity": null,
                        "maxQuantity": null
                    },
                    "promotionType": "MixMatchPricePromotion",
                    "conditionLabel": "Spara 5,00 kr/st",
                    "rewardLabel": "44,90/st",
                    "textLabel": "",
                    "redeemLimitLabel": "",
                    "cartLabel": null,
                    "validUntil": null,
                    "timesUsed": null,
                    "qualifyingCount": 1,
                    "comparePrice": "11,23 kr",
                    "splashTitleText": "",
                    "realMixAndMatch": false,
                    "mainProductCode": "101424753_ST",
                    "conditionLabelFormatted": "",
                    "promotionRedeemLimit": null,
                    "promotionPercentage": null,
                    "cartLabelFormatted": "",
                    "priority": 408,
                    "code": "2500262134"
                }
            ],
            "inactivePotentialPromotions": [],
            "priceValue": 49.9,
            "price": "49,90 kr",
            "image": {
                "imageType": "PRIMARY",
                "format": "product",
                "url": "https://assets.axfood.se/image/upload/f_auto,t_200/07350104402266_C1R1_s02",
                "altText": null,
                "galleryIndex": null,
                "width": null
            },
            "ranking": 1.0,
            "depositPrice": "",
            "averageWeight": null,
            "comparePrice": "12,48 kr",
            "comparePriceUnit": "st",
            "isDrugProduct": false,
            "solrSearchScore": 0.6426547169685364,
            "energyDeclaration": null,
            "newsSplashProduct": false,
            "notAllowedB2b": false,
            "notAllowedAnonymous": false,
            "productLine2": "NICK´S, 4p",
            "pickupProductLine2": "NICK´S, 4p",
            "priceUnit": "kr/st",
            "priceNoUnit": "49,90",
            "savingsAmount": 5.0,
            "googleAnalyticsCategory": "",
            "gdprTrackingIncompliant": false,
            "tobaccoProduct": false,
            "showGoodPriceIcon": false,
            "nicotineMedicalProduct": false,
            "tobaccoFreeNicotineProduct": false,
            "nonEkoProduct": false,
            "precautionaryStatements": [],
            "hazards": [],
            "labels": [
                "frozen"
            ],
            "seoDescription": "",
            "seoTitle": "",
            "manufacturer": "Nick´s",
            "incrementValue": 1.0,
            "productBasketType": {
                "code": "ST",
                "type": "ProductBasketTypeEnum"
            },
            "bargainProduct": false,
            "addToCartMessage": "",
            "thumbnail": {
                "imageType": "PRIMARY",
                "format": "thumbnail",
                "url": "https://assets.axfood.se/image/upload/f_auto,t_100/07350104402266_C1R1_s02",
                "altText": null,
                "galleryIndex": null,
                "width": null
            },
            "outOfStock": false,
            "online": true,
            "displayVolume": "4p",
            "addToCartDisabled": false,
            "name": "Strawberry White Glasspinne",
            "code": "101424753_ST"
        },
        {
            "potentialPromotions": [
                {
                    "threshold": null,
                    "applied": false,
                    "campaignType": "GENERAL",
                    "offerStatus": null,
                    "productCodes": [
                        "101335566_ST"
                    ],
                    "promotionTheme": {
                        "code": "Z015",
                        "visible": null
                    },
                    "lowestHistoricalPrice": {
                        "currencyIso": "SEK",
                        "value": 79.9,
                        "priceType": "BUY",
                        "formattedValue": "79,90 kr",
                        "minQuantity": null,
                        "maxQuantity": null
                    },
                    "textLabelGenerated": "",
                    "textLabelManual": null,
                    "price": {
                        "currencyIso": "SEK",
                        "value": 79.9,
                        "priceType": "BUY",
                        "formattedValue": "79,90 kr",
                        "minQuantity": null,
                        "maxQuantity": null
                    },
                    "promotionType": "MixMatchPricePromotion",
                    "conditionLabel": "Spara 15,00 kr/st",
                    "rewardLabel": "79,90/st",
                    "textLabel": "",
                    "redeemLimitLabel": "",
                    "cartLabel": null,
                    "validUntil": null,
                    "timesUsed": null,
                    "qualifyingCount": 1,
                    "comparePrice": "79,90 kr",
                    "splashTitleText": "",
                    "realMixAndMatch": false,
                    "mainProductCode": "101335566_ST",
                    "conditionLabelFormatted": "",
                    "promotionRedeemLimit": null,
                    "promotionPercentage": null,
                    "cartLabelFormatted": "",
                    "priority": 408,
                    "code": "2500262505"
                }
            ],
            "inactivePotentialPromotions": [],
            "priceValue": 94.9,
            "price": "94,90 kr",
            "image": {
                "imageType": "PRIMARY",
                "format": "product",
                "url": "https://assets.axfood.se/image/upload/f_auto,t_200/03086123644984_C1N1_s01",
                "altText": null,
                "galleryIndex": null,
                "width": null
            },
            "ranking": 1.0,
            "depositPrice": "",
            "averageWeight": null,
            "comparePrice": "94,90 kr",
            "comparePriceUnit": "st",
            "isDrugProduct": false,
            "solrSearchScore": 0.6426547169685364,
            "energyDeclaration": null,
            "newsSplashProduct": false,
            "notAllowedB2b": false,
            "notAllowedAnonymous": false,
            "productLine2": "BIC, 1+4p",
            "pickupProductLine2": "BIC, 1+4p",
            "priceUnit": "kr/st",
            "priceNoUnit": "94,90",
            "savingsAmount": 15.0,
            "googleAnalyticsCategory": "",
            "gdprTrackingIncompliant": false,
            "tobaccoProduct": false,
            "showGoodPriceIcon": false,
            "nicotineMedicalProduct": false,
            "tobaccoFreeNicotineProduct": false,
            "nonEkoProduct": false,
            "precautionaryStatements": [],
            "hazards": [],
            "labels": [],
            "seoDescription": "",
            "seoTitle": "",
            "manufacturer": "Bic",
            "incrementValue": 1.0,
            "productBasketType": {
                "code": "ST",
                "type": "ProductBasketTypeEnum"
            },
            "bargainProduct": false,
            "addToCartMessage": "",
            "thumbnail": {
                "imageType": "PRIMARY",
                "format": "thumbnail",
                "url": "https://assets.axfood.se/image/upload/f_auto,t_100/03086123644984_C1N1_s01",
                "altText": null,
                "galleryIndex": null,
                "width": null
            },
            "outOfStock": false,
            "online": true,
            "displayVolume": "1+4p",
            "addToCartDisabled": false,
            "name": "Hybrid 5 Flex Rakhyvel",
            "code": "101335566_ST"
        },
        {
            "potentialPromotions": [
                {
                    "threshold": null,
                    "applied": false,
                    "campaignType": "GENERAL",
                    "offerStatus": null,
                    "productCodes": [
                        "101335564_ST"
                    ],
                    "promotionTheme": {
                        "code": "Z015",
                        "visible": null
                    },
                    "lowestHistoricalPrice": {
                        "currencyIso": "SEK",
                        "value": 59.9,
                        "priceType": "BUY",
                        "formattedValue": "59,90 kr",
                        "minQuantity": null,
                        "maxQuantity": null
                    },
                    "textLabelGenerated": "",
                    "textLabelManual": null,
                    "price": {
                        "currencyIso": "SEK",
                        "value": 59.9,
                        "priceType": "BUY",
                        "formattedValue": "59,90 kr",
                        "minQuantity": null,
                        "maxQuantity": null
                    },
                    "promotionType": "MixMatchPricePromotion",
                    "conditionLabel": "Spara 17,00 kr/st",
                    "rewardLabel": "59,90/st",
                    "textLabel": "",
                    "redeemLimitLabel": "",
                    "cartLabel": null,
                    "validUntil": null,
                    "timesUsed": null,
                    "qualifyingCount": 1,
                    "comparePrice": "14,98 kr",
                    "splashTitleText": "",
                    "realMixAndMatch": false,
                    "mainProductCode": "101335564_ST",
                    "conditionLabelFormatted": "",
                    "promotionRedeemLimit": null,
                    "promotionPercentage": null,
                    "cartLabelFormatted": "",
                    "priority": 408,
                    "code": "2500262504"
                }
            ],
            "inactivePotentialPromotions": [],
            "priceValue": 76.9,
            "price": "76,90 kr",
            "image": {
                "imageType": "PRIMARY",
                "format": "product",
                "url": "https://assets.axfood.se/image/upload/f_auto,t_200/03086123644885_C1N1_s01",
                "altText": null,
                "galleryIndex": null,
                "width": null
            },
            "ranking": 1.0,
            "depositPrice": "",
            "averageWeight": null,
            "comparePrice": "19,23 kr",
            "comparePriceUnit": "st",
            "isDrugProduct": false,
            "solrSearchScore": 0.6426547169685364,
            "energyDeclaration": null,
            "newsSplashProduct": false,
            "notAllowedB2b": false,
            "notAllowedAnonymous": false,
            "productLine2": "BIC, 4p",
            "pickupProductLine2": "BIC, 4p",
            "priceUnit": "kr/st",
            "priceNoUnit": "76,90",
            "savingsAmount": 17.0,
            "googleAnalyticsCategory": "",
            "gdprTrackingIncompliant": false,
            "tobaccoProduct": false,
            "showGoodPriceIcon": false,
            "nicotineMedicalProduct": false,
            "tobaccoFreeNicotineProduct": false,
            "nonEkoProduct": false,
            "precautionaryStatements": [],
            "hazards": [],
            "labels": [],
            "seoDescription": "",
            "seoTitle": "",
            "manufacturer": "Bic",
            "incrementValue": 1.0,
            "productBasketType": {
                "code": "ST",
                "type": "ProductBasketTypeEnum"
            },
            "bargainProduct": false,
            "addToCartMessage": "",
            "thumbnail": {
                "imageType": "PRIMARY",
                "format": "thumbnail",
                "url": "https://assets.axfood.se/image/upload/f_auto,t_100/03086123644885_C1N1_s01",
                "altText": null,
                "galleryIndex": null,
                "width": null
            },
            "outOfStock": false,
            "online": true,
            "displayVolume": "4p",
            "addToCartDisabled": false,
            "name": "Hybrid 5 Flex Rakblad",
            "code": "101335564_ST"
        },
        {
            "potentialPromotions": [
                {
                    "threshold": null,
                    "applied": false,
                    "campaignType": "GENERAL",
                    "offerStatus": null,
                    "productCodes": [
                        "100048690_ST",
                        "100048672_ST"
                    ],
                    "promotionTheme": {
                        "code": "Z015",
                        "visible": null
                    },
                    "lowestHistoricalPrice": {
                        "currencyIso": "SEK",
                        "value": 11.5,
                        "priceType": "BUY",
                        "formattedValue": "11,50 kr",
                        "minQuantity": null,
                        "maxQuantity": null
                    },
                    "textLabelGenerated": "",
                    "textLabelManual": null,
                    "price": {
                        "currencyIso": "SEK",
                        "value": 9.9,
                        "priceType": "BUY",
                        "formattedValue": "9,90 kr",
                        "minQuantity": null,
                        "maxQuantity": null
                    },
                    "promotionType": "MixMatchPricePromotion",
                    "conditionLabel": "Spara 1,60 kr/st",
                    "rewardLabel": "9,90/st",
                    "textLabel": "",
                    "redeemLimitLabel": "",
                    "cartLabel": null,
                    "validUntil": null,
                    "timesUsed": null,
                    "qualifyingCount": 1,
                    "comparePrice": "49,50 kr",
                    "splashTitleText": "",
                    "realMixAndMatch": false,
                    "mainProductCode": "100048690_ST",
                    "conditionLabelFormatted": "",
                    "promotionRedeemLimit": null,
                    "promotionPercentage": null,
                    "cartLabelFormatted": "",
                    "priority": 408,
                    "code": "2500269207"
                }
            ],
            "inactivePotentialPromotions": [],
            "priceValue": 11.5,
            "price": "11,50 kr",
            "image": {
                "imageType": "PRIMARY",
                "format": "product",
                "url": "https://assets.axfood.se/image/upload/f_auto,t_200/07312080004018_C1R1_s03",
                "altText": null,
                "galleryIndex": null,
                "width": null
            },
            "ranking": 1.0,
            "depositPrice": "",
            "averageWeight": null,
            "comparePrice": "57,50 kr",
            "comparePriceUnit": "kg",
            "isDrugProduct": false,
            "solrSearchScore": 0.6426547169685364,
            "energyDeclaration": null,
            "newsSplashProduct": false,
            "notAllowedB2b": false,
            "notAllowedAnonymous": false,
            "productLine2": "LEKSANDS, 200g",
            "pickupProductLine2": "LEKSANDS, 200g",
            "priceUnit": "kr/st",
            "priceNoUnit": "11,50",
            "savingsAmount": 1.6,
            "googleAnalyticsCategory": "",
            "gdprTrackingIncompliant": false,
            "tobaccoProduct": false,
            "showGoodPriceIcon": false,
            "nicotineMedicalProduct": false,
            "tobaccoFreeNicotineProduct": false,
            "nonEkoProduct": false,
            "precautionaryStatements": [],
            "hazards": [],
            "labels": [
                "swedish_flag",
                "from_sweden",
                "keyhole"
            ],
            "seoDescription": "",
            "seoTitle": "",
            "manufacturer": "Leksands",
            "incrementValue": 1.0,
            "productBasketType": {
                "code": "ST",
                "type": "ProductBasketTypeEnum"
            },
            "bargainProduct": false,
            "addToCartMessage": "",
            "thumbnail": {
                "imageType": "PRIMARY",
                "format": "thumbnail",
                "url": "https://assets.axfood.se/image/upload/f_auto,t_100/07312080004018_C1R1_s03",
                "altText": null,
                "galleryIndex": null,
                "width": null
            },
            "outOfStock": false,
            "online": true,
            "displayVolume": "200g",
            "addToCartDisabled": false,
            "name": "Normalgräddat Knäckebröd",
            "code": "100048690_ST"
        },
        {
            "potentialPromotions": [
                {
                    "threshold": null,
                    "applied": false,
                    "campaignType": "GENERAL",
                    "offerStatus": null,
                    "productCodes": [
                        "100129362_ST",
                        "100258052_ST",
                        "100337814_ST",
                        "100992044_ST",
                        "100992053_ST",
                        "101287304_ST",
                        "101305167_ST",
                        "101346438_ST",
                        "101436833_ST",
                        "101542851_ST"
                    ],
                    "promotionTheme": {
                        "code": "Z019",
                        "visible": null
                    },
                    "lowestHistoricalPrice": null,
                    "textLabelGenerated": "",
                    "textLabelManual": null,
                    "price": {
                        "currencyIso": "SEK",
                        "value": 17.5,
                        "priceType": "BUY",
                        "formattedValue": "17,50 kr",
                        "minQuantity": null,
                        "maxQuantity": null
                    },
                    "promotionType": "MixMatchPricePromotion",
                    "conditionLabel": "Välj & blanda! 2 för",
                    "rewardLabel": "35,00 +pant",
                    "textLabel": "",
                    "redeemLimitLabel": "",
                    "cartLabel": null,
                    "validUntil": null,
                    "timesUsed": null,
                    "qualifyingCount": 2,
                    "comparePrice": "11,67 kr",
                    "splashTitleText": "Alltid bra pris",
                    "realMixAndMatch": true,
                    "mainProductCode": "100129362_ST",
                    "conditionLabelFormatted": "2 för",
                    "promotionRedeemLimit": null,
                    "promotionPercentage": null,
                    "cartLabelFormatted": "",
                    "priority": 208,
                    "code": "10008853404"
                }
            ],
            "inactivePotentialPromotions": [],
            "priceValue": 19.8,
            "price": "19,80 kr",
            "image": {
                "imageType": "PRIMARY",
                "format": "product",
                "url": "https://assets.axfood.se/image/upload/f_auto,t_200/05449000000439_C1N1_s06",
                "altText": null,
                "galleryIndex": null,
                "width": null
            },
            "ranking": 1.0,
            "depositPrice": "2,00 kr",
            "averageWeight": null,
            "comparePrice": "13,20 kr",
            "comparePriceUnit": "l",
            "isDrugProduct": false,
            "solrSearchScore": 0.6426547169685364,
            "energyDeclaration": null,
            "newsSplashProduct": false,
            "notAllowedB2b": false,
            "notAllowedAnonymous": false,
            "productLine2": "COCA-COLA, 1,5l",
            "pickupProductLine2": "COCA-COLA, 1,5l",
            "priceUnit": "kr/st",
            "priceNoUnit": "19,80",
            "savingsAmount": 4.6,
            "googleAnalyticsCategory": "",
            "gdprTrackingIncompliant": false,
            "tobaccoProduct": false,
            "showGoodPriceIcon": true,
            "nicotineMedicalProduct": false,
            "tobaccoFreeNicotineProduct": false,
            "nonEkoProduct": false,
            "precautionaryStatements": [],
            "hazards": [],
            "labels": [],
            "seoDescription": "",
            "seoTitle": "",
            "manufacturer": "Coca-cola",
            "incrementValue": 1.0,
            "productBasketType": {
                "code": "ST",
                "type": "ProductBasketTypeEnum"
            },
            "bargainProduct": false,
            "addToCartMessage": "",
            "thumbnail": {
                "imageType": "PRIMARY",
                "format": "thumbnail",
                "url": "https://assets.axfood.se/image/upload/f_auto,t_100/05449000000439_C1N1_s06",
                "altText": null,
                "galleryIndex": null,
                "width": null
            },
            "outOfStock": false,
            "online": true,
            "displayVolume": "1,5l",
            "addToCartDisabled": false,
            "name": "Coca-cola Läsk Pet",
            "code": "100129362_ST"
        },
        {
            "potentialPromotions": [
                {
                    "threshold": null,
                    "applied": false,
                    "campaignType": "GENERAL",
                    "offerStatus": null,
                    "productCodes": [
                        "100145647_ST",
                        "100220547_ST",
                        "100301950_ST",
                        "100374426_ST",
                        "100379948_ST",
                        "101194335_ST",
                        "101211677_ST",
                        "101259218_ST",
                        "101261695_ST",
                        "101265345_ST",
                        "101270943_ST",
                        "101270971_ST",
                        "101294042_ST",
                        "101298327_ST",
                        "101298501_ST",
                        "101306763_ST",
                        "101306765_ST",
                        "101306894_ST",
                        "101343022_ST",
                        "101397161_ST",
                        "101397851_ST",
                        "101424064_ST",
                        "101424065_ST",
                        "101506615_ST",
                        "101506632_ST",
                        "101544654_ST",
                        "101545139_ST",
                        "101599828_ST",
                        "101615900_ST",
                        "101615931_ST",
                        "101306788_ST",
                        "101676353_ST",
                        "101676354_ST"
                    ],
                    "promotionTheme": {
                        "code": "Z019",
                        "visible": null
                    },
                    "lowestHistoricalPrice": null,
                    "textLabelGenerated": "",
                    "textLabelManual": null,
                    "price": {
                        "currencyIso": "SEK",
                        "value": 7.5,
                        "priceType": "BUY",
                        "formattedValue": "7,50 kr",
                        "minQuantity": null,
                        "maxQuantity": null
                    },
                    "promotionType": "MixMatchPricePromotion",
                    "conditionLabel": "Välj & blanda! 4 för",
                    "rewardLabel": "30,00",
                    "textLabel": "",
                    "redeemLimitLabel": "",
                    "cartLabel": null,
                    "validUntil": null,
                    "timesUsed": null,
                    "qualifyingCount": 4,
                    "comparePrice": "75,00 kr",
                    "splashTitleText": "Alltid bra pris",
                    "realMixAndMatch": true,
                    "mainProductCode": "100145647_ST",
                    "conditionLabelFormatted": "4 för",
                    "promotionRedeemLimit": null,
                    "promotionPercentage": null,
                    "cartLabelFormatted": "",
                    "priority": 208,
                    "code": "10008853202"
                }
            ],
            "inactivePotentialPromotions": [],
            "priceValue": 9.9,
            "price": "9,90 kr",
            "image": {
                "imageType": "PRIMARY",
                "format": "product",
                "url": "https://assets.axfood.se/image/upload/f_auto,t_200/07391288643007_C1C0_s01",
                "altText": null,
                "galleryIndex": null,
                "width": null
            },
            "ranking": 1.0,
            "depositPrice": "",
            "averageWeight": null,
            "comparePrice": "99,00 kr",
            "comparePriceUnit": "kg",
            "isDrugProduct": false,
            "solrSearchScore": 0.6426547169685364,
            "energyDeclaration": null,
            "newsSplashProduct": false,
            "notAllowedB2b": false,
            "notAllowedAnonymous": false,
            "productLine2": "BONJOUR, 100g",
            "pickupProductLine2": "BONJOUR, 100g",
            "priceUnit": "kr/st",
            "priceNoUnit": "9,90",
            "savingsAmount": 9.6,
            "googleAnalyticsCategory": "",
            "gdprTrackingIncompliant": false,
            "tobaccoProduct": false,
            "showGoodPriceIcon": true,
            "nicotineMedicalProduct": false,
            "tobaccoFreeNicotineProduct": false,
            "nonEkoProduct": false,
            "precautionaryStatements": [],
            "hazards": [],
            "labels": [],
            "seoDescription": "",
            "seoTitle": "",
            "manufacturer": "Bonjour",
            "incrementValue": 1.0,
            "productBasketType": {
                "code": "ST",
                "type": "ProductBasketTypeEnum"
            },
            "bargainProduct": false,
            "addToCartMessage": "",
            "thumbnail": {
                "imageType": "PRIMARY",
                "format": "thumbnail",
                "url": "https://assets.axfood.se/image/upload/f_auto,t_100/07391288643007_C1C0_s01",
                "altText": null,
                "galleryIndex": null,
                "width": null
            },
            "outOfStock": false,
            "online": true,
            "displayVolume": "100g",
            "addToCartDisabled": false,
            "name": "Toscabulle",
            "code": "100145647_ST"
        },
        {
            "potentialPromotions": [
                {
                    "threshold": 0.0,
                    "applied": false,
                    "campaignType": "GENERAL",
                    "offerStatus": null,
                    "productCodes": null,
                    "promotionTheme": {
                        "code": "Z088",
                        "visible": null
                    },
                    "lowestHistoricalPrice": null,
                    "textLabelGenerated": "",
                    "textLabelManual": null,
                    "price": {
                        "currencyIso": "SEK",
                        "value": 19.900000000000002,
                        "priceType": "BUY",
                        "formattedValue": "19,90 kr/kg",
                        "minQuantity": null,
                        "maxQuantity": null
                    },
                    "promotionType": "SubtotalOrderPromotion",
                    "conditionLabel": "Spara 6,00 kr/kg",
                    "rewardLabel": "19,90/kg",
                    "textLabel": "",
                    "redeemLimitLabel": "",
                    "cartLabel": null,
                    "validUntil": null,
                    "timesUsed": null,
                    "qualifyingCount": null,
                    "comparePrice": "19,90 kr/kg",
                    "splashTitleText": "",
                    "realMixAndMatch": false,
                    "mainProductCode": "100256170_KG",
                    "conditionLabelFormatted": "",
                    "promotionRedeemLimit": null,
                    "promotionPercentage": null,
                    "cartLabelFormatted": "",
                    "priority": 409,
                    "code": "2500280790"
                }
            ],
            "inactivePotentialPromotions": [],
            "priceValue": 25.9,
            "price": "25,90 kr/kg",
            "image": {
                "imageType": "PRIMARY",
                "format": "product",
                "url": "https://assets.axfood.se/image/upload/f_auto,t_200/02359734400005_C1L0_s01",
                "altText": null,
                "galleryIndex": null,
                "width": null
            },
            "ranking": 1.0,
            "depositPrice": "",
            "averageWeight": 1.4,
            "comparePrice": "25,90 kr",
            "comparePriceUnit": "kg",
            "isDrugProduct": false,
            "solrSearchScore": 0.6426547169685364,
            "energyDeclaration": null,
            "newsSplashProduct": false,
            "notAllowedB2b": false,
            "notAllowedAnonymous": false,
            "productLine2": "ca: 1.4kg",
            "pickupProductLine2": "ca: 1.4kg",
            "priceUnit": "kr/kg",
            "priceNoUnit": "25,90",
            "savingsAmount": 5.999999999999998,
            "googleAnalyticsCategory": "",
            "gdprTrackingIncompliant": false,
            "tobaccoProduct": false,
            "showGoodPriceIcon": false,
            "nicotineMedicalProduct": false,
            "tobaccoFreeNicotineProduct": false,
            "nonEkoProduct": false,
            "precautionaryStatements": [],
            "hazards": [],
            "labels": [
                "keyhole"
            ],
            "seoDescription": "",
            "seoTitle": "",
            "manufacturer": null,
            "incrementValue": 1.0,
            "productBasketType": {
                "code": "ST",
                "type": "ProductBasketTypeEnum"
            },
            "bargainProduct": false,
            "addToCartMessage": "",
            "thumbnail": {
                "imageType": "PRIMARY",
                "format": "thumbnail",
                "url": "https://assets.axfood.se/image/upload/f_auto,t_100/02359734400005_C1L0_s01",
                "altText": null,
                "galleryIndex": null,
                "width": null
            },
            "outOfStock": false,
            "online": true,
            "displayVolume": "ca: 1.4kg",
            "addToCartDisabled": false,
            "name": "Honungsmelon Klass 1",
            "code": "100256170_KG"
        },
        {
            "potentialPromotions": [
                {
                    "threshold": null,
                    "applied": false,
                    "campaignType": "GENERAL",
                    "offerStatus": null,
                    "productCodes": [
                        "100257650_ST"
                    ],
                    "promotionTheme": {
                        "code": "Z019",
                        "visible": null
                    },
                    "lowestHistoricalPrice": null,
                    "textLabelGenerated": "",
                    "textLabelManual": null,
                    "price": {
                        "currencyIso": "SEK",
                        "value": 7.5,
                        "priceType": "BUY",
                        "formattedValue": "7,50 kr",
                        "minQuantity": null,
                        "maxQuantity": null
                    },
                    "promotionType": "MixMatchPricePromotion",
                    "conditionLabel": "2 för",
                    "rewardLabel": "15,00",
                    "textLabel": "",
                    "redeemLimitLabel": "",
                    "cartLabel": null,
                    "validUntil": null,
                    "timesUsed": null,
                    "qualifyingCount": 2,
                    "comparePrice": "150,00 kr",
                    "splashTitleText": "Alltid bra pris",
                    "realMixAndMatch": false,
                    "mainProductCode": "100257650_ST",
                    "conditionLabelFormatted": "",
                    "promotionRedeemLimit": null,
                    "promotionPercentage": null,
                    "cartLabelFormatted": "",
                    "priority": 208,
                    "code": "2500281398"
                }
            ],
            "inactivePotentialPromotions": [],
            "priceValue": 8.9,
            "price": "8,90 kr",
            "image": {
                "imageType": "PRIMARY",
                "format": "product",
                "url": "https://assets.axfood.se/image/upload/f_auto,t_200/07311042003915_C1C0_s01",
                "altText": null,
                "galleryIndex": null,
                "width": null
            },
            "ranking": 1.0,
            "depositPrice": "",
            "averageWeight": null,
            "comparePrice": "178,00 kr",
            "comparePriceUnit": "kg",
            "isDrugProduct": false,
            "solrSearchScore": 0.6426547169685364,
            "energyDeclaration": null,
            "newsSplashProduct": false,
            "notAllowedB2b": false,
            "notAllowedAnonymous": false,
            "productLine2": "ca50g",
            "pickupProductLine2": "ca50g",
            "priceUnit": "kr/st",
            "priceNoUnit": "8,90",
            "savingsAmount": 2.8,
            "googleAnalyticsCategory": "",
            "gdprTrackingIncompliant": false,
            "tobaccoProduct": false,
            "showGoodPriceIcon": true,
            "nicotineMedicalProduct": false,
            "tobaccoFreeNicotineProduct": false,
            "nonEkoProduct": false,
            "precautionaryStatements": [],
            "hazards": [],
            "labels": [
                "keyhole"
            ],
            "seoDescription": "",
            "seoTitle": "",
            "manufacturer": null,
            "incrementValue": 1.0,
            "productBasketType": {
                "code": "ST",
                "type": "ProductBasketTypeEnum"
            },
            "bargainProduct": false,
            "addToCartMessage": "",
            "thumbnail": {
                "imageType": "PRIMARY",
                "format": "thumbnail",
                "url": "https://assets.axfood.se/image/upload/f_auto,t_100/07311042003915_C1C0_s01",
                "altText": null,
                "galleryIndex": null,
                "width": null
            },
            "outOfStock": false,
            "online": true,
            "displayVolume": "ca50g",
            "addToCartDisabled": false,
            "name": "Passionsfrukt",
            "code": "100257650_ST"
        },
        {
            "potentialPromotions": [
                {
                    "threshold": null,
                    "applied": false,
                    "campaignType": "GENERAL",
                    "offerStatus": null,
                    "productCodes": [
                        "100925171_ST",
                        "100247190_ST"
                    ],
                    "promotionTheme": {
                        "code": "Z015",
                        "visible": null
                    },
                    "lowestHistoricalPrice": {
                        "currencyIso": "SEK",
                        "value": 39.9,
                        "priceType": "BUY",
                        "formattedValue": "39,90 kr",
                        "minQuantity": null,
                        "maxQuantity": null
                    },
                    "textLabelGenerated": "",
                    "textLabelManual": null,
                    "price": {
                        "currencyIso": "SEK",
                        "value": 39.0,
                        "priceType": "BUY",
                        "formattedValue": "39,00 kr",
                        "minQuantity": null,
                        "maxQuantity": null
                    },
                    "promotionType": "MixMatchPricePromotion",
                    "conditionLabel": "Spara 7,90 kr/st",
                    "rewardLabel": "39,00/st",
                    "textLabel": "",
                    "redeemLimitLabel": "",
                    "cartLabel": null,
                    "validUntil": null,
                    "timesUsed": null,
                    "qualifyingCount": 1,
                    "comparePrice": "78,00 kr",
                    "splashTitleText": "",
                    "realMixAndMatch": false,
                    "mainProductCode": "100925171_ST",
                    "conditionLabelFormatted": "",
                    "promotionRedeemLimit": null,
                    "promotionPercentage": null,
                    "cartLabelFormatted": "",
                    "priority": 408,
                    "code": "2500262496"
                }
            ],
            "inactivePotentialPromotions": [],
            "priceValue": 46.9,
            "price": "46,90 kr",
            "image": {
                "imageType": "PRIMARY",
                "format": "product",
                "url": "https://assets.axfood.se/image/upload/f_auto,t_200/03574660438512_C1N1_s04",
                "altText": null,
                "galleryIndex": null,
                "width": null
            },
            "ranking": 1.0,
            "depositPrice": "",
            "averageWeight": null,
            "comparePrice": "93,80 kr",
            "comparePriceUnit": "l",
            "isDrugProduct": false,
            "solrSearchScore": 0.6426547169685364,
            "energyDeclaration": null,
            "newsSplashProduct": false,
            "notAllowedB2b": false,
            "notAllowedAnonymous": false,
            "productLine2": "LISTERINE, 500ml",
            "pickupProductLine2": "LISTERINE, 500ml",
            "priceUnit": "kr/st",
            "priceNoUnit": "46,90",
            "savingsAmount": 7.9,
            "googleAnalyticsCategory": "",
            "gdprTrackingIncompliant": false,
            "tobaccoProduct": false,
            "showGoodPriceIcon": false,
            "nicotineMedicalProduct": false,
            "tobaccoFreeNicotineProduct": false,
            "nonEkoProduct": false,
            "precautionaryStatements": [],
            "hazards": [],
            "labels": [
                "warning",
                "exclamation_mark",
                "flame"
            ],
            "seoDescription": "",
            "seoTitle": "",
            "manufacturer": "Listerine",
            "incrementValue": 1.0,
            "productBasketType": {
                "code": "ST",
                "type": "ProductBasketTypeEnum"
            },
            "bargainProduct": false,
            "addToCartMessage": "",
            "thumbnail": {
                "imageType": "PRIMARY",
                "format": "thumbnail",
                "url": "https://assets.axfood.se/image/upload/f_auto,t_100/03574660438512_C1N1_s04",
                "altText": null,
                "galleryIndex": null,
                "width": null
            },
            "outOfStock": false,
            "online": true,
            "displayVolume": "500ml",
            "addToCartDisabled": false,
            "name": "Total Care Clean Mint Munskölj",
            "code": "100925171_ST"
        },
        {
            "potentialPromotions": [
                {
                    "threshold": null,
                    "applied": false,
                    "campaignType": "GENERAL",
                    "offerStatus": null,
                    "productCodes": [
                        "100460635_ST",
                        "100460573_ST",
                        "100460653_ST",
                        "100460742_ST",
                        "101296058_ST",
                        "100460751_ST",
                        "101261624_ST",
                        "100460644_ST",
                        "101379460_ST",
                        "101261607_ST",
                        "101115106_ST",
                        "101115142_ST",
                        "100460519_ST",
                        "101115188_ST",
                        "101115099_ST",
                        "101261629_ST",
                        "101379442_ST",
                        "101115197_ST",
                        "101235968_ST",
                        "101115062_ST",
                        "101115179_ST",
                        "101115071_ST",
                        "101115115_ST",
                        "101261623_ST"
                    ],
                    "promotionTheme": {
                        "code": "Z015",
                        "visible": null
                    },
                    "lowestHistoricalPrice": {
                        "currencyIso": "SEK",
                        "value": 97.9,
                        "priceType": "BUY",
                        "formattedValue": "97,90 kr",
                        "minQuantity": null,
                        "maxQuantity": null
                    },
                    "textLabelGenerated": "",
                    "textLabelManual": null,
                    "price": {
                        "currencyIso": "SEK",
                        "value": 79.9,
                        "priceType": "BUY",
                        "formattedValue": "79,90 kr",
                        "minQuantity": null,
                        "maxQuantity": null
                    },
                    "promotionType": "MixMatchPricePromotion",
                    "conditionLabel": "Spara 18,00 kr/st",
                    "rewardLabel": "79,90/st",
                    "textLabel": "",
                    "redeemLimitLabel": "",
                    "cartLabel": null,
                    "validUntil": null,
                    "timesUsed": null,
                    "qualifyingCount": 1,
                    "comparePrice": "79,90 kr",
                    "splashTitleText": "",
                    "realMixAndMatch": false,
                    "mainProductCode": "100460635_ST",
                    "conditionLabelFormatted": "",
                    "promotionRedeemLimit": null,
                    "promotionPercentage": null,
                    "cartLabelFormatted": "",
                    "priority": 408,
                    "code": "2500262494"
                }
            ],
            "inactivePotentialPromotions": [],
            "priceValue": 97.9,
            "price": "97,90 kr",
            "image": {
                "imageType": "PRIMARY",
                "format": "product",
                "url": "https://assets.axfood.se/image/upload/f_auto,t_200/05703147063482_C1C1_s01",
                "altText": null,
                "galleryIndex": null,
                "width": null
            },
            "ranking": 1.0,
            "depositPrice": "",
            "averageWeight": null,
            "comparePrice": "97,90 kr",
            "comparePriceUnit": "st",
            "isDrugProduct": false,
            "solrSearchScore": 0.6426547169685364,
            "energyDeclaration": null,
            "newsSplashProduct": false,
            "notAllowedB2b": false,
            "notAllowedAnonymous": false,
            "productLine2": "EXCELLENCE, 1st",
            "pickupProductLine2": "EXCELLENCE, 1st",
            "priceUnit": "kr/st",
            "priceNoUnit": "97,90",
            "savingsAmount": 18.0,
            "googleAnalyticsCategory": "",
            "gdprTrackingIncompliant": false,
            "tobaccoProduct": false,
            "showGoodPriceIcon": false,
            "nicotineMedicalProduct": false,
            "tobaccoFreeNicotineProduct": false,
            "nonEkoProduct": false,
            "precautionaryStatements": [],
            "hazards": [],
            "labels": [],
            "seoDescription": "",
            "seoTitle": "",
            "manufacturer": "Excellence",
            "incrementValue": 1.0,
            "productBasketType": {
                "code": "ST",
                "type": "ProductBasketTypeEnum"
            },
            "bargainProduct": false,
            "addToCartMessage": "",
            "thumbnail": {
                "imageType": "PRIMARY",
                "format": "thumbnail",
                "url": "https://assets.axfood.se/image/upload/f_auto,t_100/05703147063482_C1C1_s01",
                "altText": null,
                "galleryIndex": null,
                "width": null
            },
            "outOfStock": false,
            "online": true,
            "displayVolume": "1st",
            "addToCartDisabled": false,
            "name": "Excellence 6 Dark Blonde Permanent Hårfärg",
            "code": "100460635_ST"
        },
        {
            "potentialPromotions": [
                {
                    "threshold": null,
                    "applied": false,
                    "campaignType": "GENERAL",
                    "offerStatus": null,
                    "productCodes": [
                        "100696043_ST",
                        "100696016_ST",
                        "100695927_ST",
                        "100695561_ST",
                        "100695589_ST",
                        "100239644_ST"
                    ],
                    "promotionTheme": {
                        "code": "Z015",
                        "visible": null
                    },
                    "lowestHistoricalPrice": {
                        "currencyIso": "SEK",
                        "value": 12.9,
                        "priceType": "BUY",
                        "formattedValue": "12,90 kr",
                        "minQuantity": null,
                        "maxQuantity": null
                    },
                    "textLabelGenerated": "",
                    "textLabelManual": null,
                    "price": {
                        "currencyIso": "SEK",
                        "value": 9.9,
                        "priceType": "BUY",
                        "formattedValue": "9,90 kr",
                        "minQuantity": null,
                        "maxQuantity": null
                    },
                    "promotionType": "MixMatchPricePromotion",
                    "conditionLabel": "Spara 3,00 kr/st",
                    "rewardLabel": "9,90/st",
                    "textLabel": "",
                    "redeemLimitLabel": "",
                    "cartLabel": null,
                    "validUntil": null,
                    "timesUsed": null,
                    "qualifyingCount": 1,
                    "comparePrice": "660,00 kr",
                    "splashTitleText": "",
                    "realMixAndMatch": false,
                    "mainProductCode": "100696043_ST",
                    "conditionLabelFormatted": "",
                    "promotionRedeemLimit": null,
                    "promotionPercentage": null,
                    "cartLabelFormatted": "",
                    "priority": 408,
                    "code": "2500269034"
                }
            ],
            "inactivePotentialPromotions": [],
            "priceValue": 12.9,
            "price": "12,90 kr",
            "image": {
                "imageType": "PRIMARY",
                "format": "product",
                "url": "https://assets.axfood.se/image/upload/f_auto,t_200/07310700813866_C1N1_s02",
                "altText": null,
                "galleryIndex": null,
                "width": null
            },
            "ranking": 1.0,
            "depositPrice": "",
            "averageWeight": null,
            "comparePrice": "860,00 kr",
            "comparePriceUnit": "kg",
            "isDrugProduct": false,
            "solrSearchScore": 0.6426547169685364,
            "energyDeclaration": null,
            "newsSplashProduct": false,
            "notAllowedB2b": false,
            "notAllowedAnonymous": false,
            "productLine2": "KOCKENS, 15g",
            "pickupProductLine2": "KOCKENS, 15g",
            "priceUnit": "kr/st",
            "priceNoUnit": "12,90",
            "savingsAmount": 3.0,
            "googleAnalyticsCategory": "",
            "gdprTrackingIncompliant": false,
            "tobaccoProduct": false,
            "showGoodPriceIcon": false,
            "nicotineMedicalProduct": false,
            "tobaccoFreeNicotineProduct": false,
            "nonEkoProduct": false,
            "precautionaryStatements": [],
            "hazards": [],
            "labels": [],
            "seoDescription": "",
            "seoTitle": "",
            "manufacturer": "Kockens",
            "incrementValue": 1.0,
            "productBasketType": {
                "code": "ST",
                "type": "ProductBasketTypeEnum"
            },
            "bargainProduct": false,
            "addToCartMessage": "",
            "thumbnail": {
                "imageType": "PRIMARY",
                "format": "thumbnail",
                "url": "https://assets.axfood.se/image/upload/f_auto,t_100/07310700813866_C1N1_s02",
                "altText": null,
                "galleryIndex": null,
                "width": null
            },
            "outOfStock": false,
            "online": true,
            "displayVolume": "15g",
            "addToCartDisabled": false,
            "name": "Pepparkaks Krydda Påse",
            "code": "100696043_ST"
        },
        {
            "potentialPromotions": [
                {
                    "threshold": null,
                    "applied": false,
                    "campaignType": "GENERAL",
                    "offerStatus": null,
                    "productCodes": [
                        "100696551_ST",
                        "101282267_ST",
                        "100261413_ST",
                        "100167926_ST",
                        "100167953_ST"
                    ],
                    "promotionTheme": {
                        "code": "Z015",
                        "visible": null
                    },
                    "lowestHistoricalPrice": {
                        "currencyIso": "SEK",
                        "value": 23.9,
                        "priceType": "BUY",
                        "formattedValue": "23,90 kr",
                        "minQuantity": null,
                        "maxQuantity": null
                    },
                    "textLabelGenerated": "",
                    "textLabelManual": null,
                    "price": {
                        "currencyIso": "SEK",
                        "value": 19.9,
                        "priceType": "BUY",
                        "formattedValue": "19,90 kr",
                        "minQuantity": null,
                        "maxQuantity": null
                    },
                    "promotionType": "MixMatchPricePromotion",
                    "conditionLabel": "Spara 4,00 kr/st",
                    "rewardLabel": "19,90/st",
                    "textLabel": "",
                    "redeemLimitLabel": "",
                    "cartLabel": null,
                    "validUntil": null,
                    "timesUsed": null,
                    "qualifyingCount": 1,
                    "comparePrice": "234,12 kr",
                    "splashTitleText": "",
                    "realMixAndMatch": false,
                    "mainProductCode": "100696551_ST",
                    "conditionLabelFormatted": "",
                    "promotionRedeemLimit": null,
                    "promotionPercentage": null,
                    "cartLabelFormatted": "",
                    "priority": 408,
                    "code": "2500269035"
                }
            ],
            "inactivePotentialPromotions": [],
            "priceValue": 23.9,
            "price": "23,90 kr",
            "image": {
                "imageType": "PRIMARY",
                "format": "product",
                "url": "https://assets.axfood.se/image/upload/f_auto,t_200/07310700817055_C1N1_s02",
                "altText": null,
                "galleryIndex": null,
                "width": null
            },
            "ranking": 1.0,
            "depositPrice": "",
            "averageWeight": null,
            "comparePrice": "281,18 kr",
            "comparePriceUnit": "kg",
            "isDrugProduct": false,
            "solrSearchScore": 0.6426547169685364,
            "energyDeclaration": null,
            "newsSplashProduct": false,
            "notAllowedB2b": false,
            "notAllowedAnonymous": false,
            "productLine2": "KOCKENS, 85g",
            "pickupProductLine2": "KOCKENS, 85g",
            "priceUnit": "kr/st",
            "priceNoUnit": "23,90",
            "savingsAmount": 4.0,
            "googleAnalyticsCategory": "",
            "gdprTrackingIncompliant": false,
            "tobaccoProduct": false,
            "showGoodPriceIcon": false,
            "nicotineMedicalProduct": false,
            "tobaccoFreeNicotineProduct": false,
            "nonEkoProduct": false,
            "precautionaryStatements": [],
            "hazards": [],
            "labels": [],
            "seoDescription": "",
            "seoTitle": "",
            "manufacturer": "Kockens",
            "incrementValue": 1.0,
            "productBasketType": {
                "code": "ST",
                "type": "ProductBasketTypeEnum"
            },
            "bargainProduct": false,
            "addToCartMessage": "",
            "thumbnail": {
                "imageType": "PRIMARY",
                "format": "thumbnail",
                "url": "https://assets.axfood.se/image/upload/f_auto,t_100/07310700817055_C1N1_s02",
                "altText": null,
                "galleryIndex": null,
                "width": null
            },
            "outOfStock": false,
            "online": true,
            "displayVolume": "85g",
            "addToCartDisabled": false,
            "name": "Malen Kanel Påse",
            "code": "100696551_ST"
        },
        {
            "potentialPromotions": [
                {
                    "threshold": null,
                    "applied": false,
                    "campaignType": "GENERAL",
                    "offerStatus": null,
                    "productCodes": [
                        "100764503_ST"
                    ],
                    "promotionTheme": {
                        "code": "Z088",
                        "visible": null
                    },
                    "lowestHistoricalPrice": null,
                    "textLabelGenerated": "",
                    "textLabelManual": null,
                    "price": {
                        "currencyIso": "SEK",
                        "value": 19.9,
                        "priceType": "BUY",
                        "formattedValue": "19,90 kr",
                        "minQuantity": null,
                        "maxQuantity": null
                    },
                    "promotionType": "MixMatchPricePromotion",
                    "conditionLabel": "Spara 10,00 kr/st",
                    "rewardLabel": "19,90/st",
                    "textLabel": "",
                    "redeemLimitLabel": "",
                    "cartLabel": null,
                    "validUntil": null,
                    "timesUsed": null,
                    "qualifyingCount": 1,
                    "comparePrice": "159,20 kr",
                    "splashTitleText": "",
                    "realMixAndMatch": false,
                    "mainProductCode": "100764503_ST",
                    "conditionLabelFormatted": "",
                    "promotionRedeemLimit": null,
                    "promotionPercentage": null,
                    "cartLabelFormatted": "",
                    "priority": 408,
                    "code": "2500280752"
                }
            ],
            "inactivePotentialPromotions": [],
            "priceValue": 29.9,
            "price": "29,90 kr",
            "image": {
                "imageType": "PRIMARY",
                "format": "product",
                "url": "https://assets.axfood.se/image/upload/f_auto,t_200/07311042000181_C1L1_s02",
                "altText": null,
                "galleryIndex": null,
                "width": null
            },
            "ranking": 1.0,
            "depositPrice": "",
            "averageWeight": null,
            "comparePrice": "239,20 kr",
            "comparePriceUnit": "kg",
            "isDrugProduct": false,
            "solrSearchScore": 0.6426547169685364,
            "energyDeclaration": null,
            "newsSplashProduct": false,
            "notAllowedB2b": false,
            "notAllowedAnonymous": false,
            "productLine2": "125g",
            "pickupProductLine2": "125g",
            "priceUnit": "kr/st",
            "priceNoUnit": "29,90",
            "savingsAmount": 10.0,
            "googleAnalyticsCategory": "",
            "gdprTrackingIncompliant": false,
            "tobaccoProduct": false,
            "showGoodPriceIcon": false,
            "nicotineMedicalProduct": false,
            "tobaccoFreeNicotineProduct": false,
            "nonEkoProduct": false,
            "precautionaryStatements": [],
            "hazards": [],
            "labels": [
                "keyhole"
            ],
            "seoDescription": "",
            "seoTitle": "",
            "manufacturer": null,
            "incrementValue": 1.0,
            "productBasketType": {
                "code": "ST",
                "type": "ProductBasketTypeEnum"
            },
            "bargainProduct": false,
            "addToCartMessage": "",
            "thumbnail": {
                "imageType": "PRIMARY",
                "format": "thumbnail",
                "url": "https://assets.axfood.se/image/upload/f_auto,t_100/07311042000181_C1L1_s02",
                "altText": null,
                "galleryIndex": null,
                "width": null
            },
            "outOfStock": false,
            "online": true,
            "displayVolume": "125g",
            "addToCartDisabled": false,
            "name": "Blåbär Klass 1",
            "code": "100764503_ST"
        },
        {
            "potentialPromotions": [
                {
                    "threshold": null,
                    "applied": false,
                    "campaignType": "GENERAL",
                    "offerStatus": null,
                    "productCodes": [
                        "101547602_ST"
                    ],
                    "promotionTheme": {
                        "code": "Z015",
                        "visible": null
                    },
                    "lowestHistoricalPrice": {
                        "currencyIso": "SEK",
                        "value": 89.9,
                        "priceType": "BUY",
                        "formattedValue": "89,90 kr",
                        "minQuantity": null,
                        "maxQuantity": null
                    },
                    "textLabelGenerated": "",
                    "textLabelManual": null,
                    "price": {
                        "currencyIso": "SEK",
                        "value": 69.9,
                        "priceType": "BUY",
                        "formattedValue": "69,90 kr",
                        "minQuantity": null,
                        "maxQuantity": null
                    },
                    "promotionType": "MixMatchPricePromotion",
                    "conditionLabel": "Spara 20,00 kr/st",
                    "rewardLabel": "69,90/st",
                    "textLabel": "",
                    "redeemLimitLabel": "",
                    "cartLabel": null,
                    "validUntil": null,
                    "timesUsed": null,
                    "qualifyingCount": 1,
                    "comparePrice": "69,90 kr",
                    "splashTitleText": "",
                    "realMixAndMatch": false,
                    "mainProductCode": "101547602_ST",
                    "conditionLabelFormatted": "",
                    "promotionRedeemLimit": null,
                    "promotionPercentage": null,
                    "cartLabelFormatted": "",
                    "priority": 408,
                    "code": "2500269773"
                }
            ],
            "inactivePotentialPromotions": [],
            "priceValue": 89.9,
            "price": "89,90 kr",
            "image": {
                "imageType": "PRIMARY",
                "format": "product",
                "url": "https://assets.axfood.se/image/upload/f_auto,t_200/07702018472178_C1N1_s02",
                "altText": null,
                "galleryIndex": null,
                "width": null
            },
            "ranking": 1.0,
            "depositPrice": "",
            "averageWeight": null,
            "comparePrice": "89,90 kr",
            "comparePriceUnit": "st",
            "isDrugProduct": false,
            "solrSearchScore": 0.6426547169685364,
            "energyDeclaration": null,
            "newsSplashProduct": false,
            "notAllowedB2b": false,
            "notAllowedAnonymous": false,
            "productLine2": "VENUS, st",
            "pickupProductLine2": "VENUS, st",
            "priceUnit": "kr/st",
            "priceNoUnit": "89,90",
            "savingsAmount": 20.0,
            "googleAnalyticsCategory": "",
            "gdprTrackingIncompliant": false,
            "tobaccoProduct": false,
            "showGoodPriceIcon": false,
            "nicotineMedicalProduct": false,
            "tobaccoFreeNicotineProduct": false,
            "nonEkoProduct": false,
            "precautionaryStatements": [],
            "hazards": [],
            "labels": [],
            "seoDescription": "",
            "seoTitle": "",
            "manufacturer": "Venus",
            "incrementValue": 1.0,
            "productBasketType": {
                "code": "ST",
                "type": "ProductBasketTypeEnum"
            },
            "bargainProduct": false,
            "addToCartMessage": "",
            "thumbnail": {
                "imageType": "PRIMARY",
                "format": "thumbnail",
                "url": "https://assets.axfood.se/image/upload/f_auto,t_100/07702018472178_C1N1_s02",
                "altText": null,
                "galleryIndex": null,
                "width": null
            },
            "outOfStock": false,
            "online": true,
            "displayVolume": "st",
            "addToCartDisabled": false,
            "name": "Smooth Rakhyvel",
            "code": "101547602_ST"
        },
        {
            "potentialPromotions": [
                {
                    "threshold": null,
                    "applied": false,
                    "campaignType": "GENERAL",
                    "offerStatus": null,
                    "productCodes": [
                        "101547233_ST",
                        "101547234_ST"
                    ],
                    "promotionTheme": {
                        "code": "Z015",
                        "visible": null
                    },
                    "lowestHistoricalPrice": {
                        "currencyIso": "SEK",
                        "value": 31.9,
                        "priceType": "BUY",
                        "formattedValue": "31,90 kr",
                        "minQuantity": null,
                        "maxQuantity": null
                    },
                    "textLabelGenerated": "",
                    "textLabelManual": null,
                    "price": {
                        "currencyIso": "SEK",
                        "value": 24.9,
                        "priceType": "BUY",
                        "formattedValue": "24,90 kr",
                        "minQuantity": null,
                        "maxQuantity": null
                    },
                    "promotionType": "MixMatchPricePromotion",
                    "conditionLabel": "Spara 7,00 kr/st",
                    "rewardLabel": "24,90/st",
                    "textLabel": "",
                    "redeemLimitLabel": "",
                    "cartLabel": null,
                    "validUntil": null,
                    "timesUsed": null,
                    "qualifyingCount": 1,
                    "comparePrice": "33,20 kr",
                    "splashTitleText": "",
                    "realMixAndMatch": false,
                    "mainProductCode": "101547233_ST",
                    "conditionLabelFormatted": "",
                    "promotionRedeemLimit": null,
                    "promotionPercentage": null,
                    "cartLabelFormatted": "",
                    "priority": 408,
                    "code": "2500274945"
                }
            ],
            "inactivePotentialPromotions": [],
            "priceValue": 31.9,
            "price": "31,90 kr",
            "image": {
                "imageType": "PRIMARY",
                "format": "product",
                "url": "https://assets.axfood.se/image/upload/f_auto,t_200/07393481007181_C1N1_s02",
                "altText": null,
                "galleryIndex": null,
                "width": null
            },
            "ranking": 1.0,
            "depositPrice": "",
            "averageWeight": null,
            "comparePrice": "42,53 kr",
            "comparePriceUnit": "l",
            "isDrugProduct": false,
            "solrSearchScore": 0.6426547169685364,
            "energyDeclaration": null,
            "newsSplashProduct": false,
            "notAllowedB2b": false,
            "notAllowedAnonymous": false,
            "productLine2": "GUNRY, 750ml",
            "pickupProductLine2": "GUNRY, 750ml",
            "priceUnit": "kr/st",
            "priceNoUnit": "31,90",
            "savingsAmount": 7.0,
            "googleAnalyticsCategory": "",
            "gdprTrackingIncompliant": false,
            "tobaccoProduct": false,
            "showGoodPriceIcon": false,
            "nicotineMedicalProduct": false,
            "tobaccoFreeNicotineProduct": false,
            "nonEkoProduct": false,
            "precautionaryStatements": [],
            "hazards": [],
            "labels": [],
            "seoDescription": "",
            "seoTitle": "",
            "manufacturer": "Gunry",
            "incrementValue": 1.0,
            "productBasketType": {
                "code": "ST",
                "type": "ProductBasketTypeEnum"
            },
            "bargainProduct": false,
            "addToCartMessage": "",
            "thumbnail": {
                "imageType": "PRIMARY",
                "format": "thumbnail",
                "url": "https://assets.axfood.se/image/upload/f_auto,t_100/07393481007181_C1N1_s02",
                "altText": null,
                "galleryIndex": null,
                "width": null
            },
            "outOfStock": false,
            "online": true,
            "displayVolume": "750ml",
            "addToCartDisabled": false,
            "name": "Botanica Refill Flytande Tvål",
            "code": "101547233_ST"
        },
        {
            "potentialPromotions": [
                {
                    "threshold": null,
                    "applied": false,
                    "campaignType": "GENERAL",
                    "offerStatus": null,
                    "productCodes": [
                        "101599078_ST"
                    ],
                    "promotionTheme": {
                        "code": "Z010",
                        "visible": null
                    },
                    "lowestHistoricalPrice": null,
                    "textLabelGenerated": "",
                    "textLabelManual": null,
                    "price": {
                        "currencyIso": "SEK",
                        "value": 64.9,
                        "priceType": "BUY",
                        "formattedValue": "64,90 kr",
                        "minQuantity": null,
                        "maxQuantity": null
                    },
                    "promotionType": "MixMatchPricePromotion",
                    "conditionLabel": "Spara 11,00 kr/st",
                    "rewardLabel": "64,90/st",
                    "textLabel": "",
                    "redeemLimitLabel": "",
                    "cartLabel": null,
                    "validUntil": null,
                    "timesUsed": null,
                    "qualifyingCount": 1,
                    "comparePrice": "129,80 kr",
                    "splashTitleText": "",
                    "realMixAndMatch": false,
                    "mainProductCode": "101599078_ST",
                    "conditionLabelFormatted": "",
                    "promotionRedeemLimit": null,
                    "promotionPercentage": null,
                    "cartLabelFormatted": "",
                    "priority": 408,
                    "code": "2500274322"
                }
            ],
            "inactivePotentialPromotions": [],
            "priceValue": 75.9,
            "price": "75,90 kr",
            "image": {
                "imageType": "PRIMARY",
                "format": "product",
                "url": "https://assets.axfood.se/image/upload/f_auto,t_200/07311043011933_C1N1_s02",
                "altText": null,
                "galleryIndex": null,
                "width": null
            },
            "ranking": 1.0,
            "depositPrice": "",
            "averageWeight": null,
            "comparePrice": "151,80 kr",
            "comparePriceUnit": "kg",
            "isDrugProduct": false,
            "solrSearchScore": 0.6426547169685364,
            "energyDeclaration": null,
            "newsSplashProduct": false,
            "notAllowedB2b": false,
            "notAllowedAnonymous": false,
            "productLine2": "GARANT EKO, 500g",
            "pickupProductLine2": "GARANT EKO, 500g",
            "priceUnit": "kr/st",
            "priceNoUnit": "75,90",
            "savingsAmount": 11.0,
            "googleAnalyticsCategory": "",
            "gdprTrackingIncompliant": false,
            "tobaccoProduct": false,
            "showGoodPriceIcon": false,
            "nicotineMedicalProduct": false,
            "tobaccoFreeNicotineProduct": false,
            "nonEkoProduct": false,
            "precautionaryStatements": [],
            "hazards": [],
            "labels": [
                "ecological",
                "krav",
                "swedish_flag",
                "meat_from_sweden",
                "eu_ecological"
            ],
            "seoDescription": "",
            "seoTitle": "",
            "manufacturer": "Garant Eko",
            "incrementValue": 1.0,
            "productBasketType": {
                "code": "ST",
                "type": "ProductBasketTypeEnum"
            },
            "bargainProduct": false,
            "addToCartMessage": "",
            "thumbnail": {
                "imageType": "PRIMARY",
                "format": "thumbnail",
                "url": "https://assets.axfood.se/image/upload/f_auto,t_100/07311043011933_C1N1_s02",
                "altText": null,
                "galleryIndex": null,
                "width": null
            },
            "outOfStock": false,
            "online": true,
            "displayVolume": "500g",
            "addToCartDisabled": false,
            "name": "Nötfärs 15%",
            "code": "101599078_ST"
        },
        {
            "potentialPromotions": [
                {
                    "threshold": null,
                    "applied": false,
                    "campaignType": "GENERAL",
                    "offerStatus": null,
                    "productCodes": [
                        "101662536_ST",
                        "101662558_ST",
                        "101662534_ST"
                    ],
                    "promotionTheme": {
                        "code": "Z015",
                        "visible": null
                    },
                    "lowestHistoricalPrice": {
                        "currencyIso": "SEK",
                        "value": 32.9,
                        "priceType": "BUY",
                        "formattedValue": "32,90 kr",
                        "minQuantity": null,
                        "maxQuantity": null
                    },
                    "textLabelGenerated": "",
                    "textLabelManual": null,
                    "price": {
                        "currencyIso": "SEK",
                        "value": 24.9,
                        "priceType": "BUY",
                        "formattedValue": "24,90 kr",
                        "minQuantity": null,
                        "maxQuantity": null
                    },
                    "promotionType": "MixMatchPricePromotion",
                    "conditionLabel": "Spara 8,00 kr/st",
                    "rewardLabel": "24,90/st",
                    "textLabel": "",
                    "redeemLimitLabel": "",
                    "cartLabel": null,
                    "validUntil": null,
                    "timesUsed": null,
                    "qualifyingCount": 1,
                    "comparePrice": "99,60 kr",
                    "splashTitleText": "",
                    "realMixAndMatch": false,
                    "mainProductCode": "101662536_ST",
                    "conditionLabelFormatted": "",
                    "promotionRedeemLimit": null,
                    "promotionPercentage": null,
                    "cartLabelFormatted": "",
                    "priority": 408,
                    "code": "2500262481"
                }
            ],
            "inactivePotentialPromotions": [],
            "priceValue": 32.9,
            "price": "32,90 kr",
            "image": {
                "imageType": "PRIMARY",
                "format": "product",
                "url": "https://assets.axfood.se/image/upload/f_auto,t_200/03600524173562_C1N1_s01",
                "altText": null,
                "galleryIndex": null,
                "width": null
            },
            "ranking": 1.0,
            "depositPrice": "",
            "averageWeight": null,
            "comparePrice": "131,60 kr",
            "comparePriceUnit": "l",
            "isDrugProduct": false,
            "solrSearchScore": 0.6426547169685364,
            "energyDeclaration": null,
            "newsSplashProduct": false,
            "notAllowedB2b": false,
            "notAllowedAnonymous": false,
            "productLine2": "ELVITAL, 250ml",
            "pickupProductLine2": "ELVITAL, 250ml",
            "priceUnit": "kr/st",
            "priceNoUnit": "32,90",
            "savingsAmount": 8.0,
            "googleAnalyticsCategory": "",
            "gdprTrackingIncompliant": false,
            "tobaccoProduct": false,
            "showGoodPriceIcon": false,
            "nicotineMedicalProduct": false,
            "tobaccoFreeNicotineProduct": false,
            "nonEkoProduct": false,
            "precautionaryStatements": [],
            "hazards": [],
            "labels": [],
            "seoDescription": "",
            "seoTitle": "",
            "manufacturer": "Elvital",
            "incrementValue": 1.0,
            "productBasketType": {
                "code": "ST",
                "type": "ProductBasketTypeEnum"
            },
            "bargainProduct": false,
            "addToCartMessage": "",
            "thumbnail": {
                "imageType": "PRIMARY",
                "format": "thumbnail",
                "url": "https://assets.axfood.se/image/upload/f_auto,t_100/03600524173562_C1N1_s01",
                "altText": null,
                "galleryIndex": null,
                "width": null
            },
            "outOfStock": false,
            "online": true,
            "displayVolume": "250ml",
            "addToCartDisabled": false,
            "name": "Dream Length Schampoo Refill",
            "code": "101662536_ST"
        },
        {
            "potentialPromotions": [
                {
                    "threshold": null,
                    "applied": false,
                    "campaignType": "GENERAL",
                    "offerStatus": null,
                    "productCodes": [
                        "101613193_ST",
                        "101613195_ST"
                    ],
                    "promotionTheme": {
                        "code": "Z015",
                        "visible": null
                    },
                    "lowestHistoricalPrice": {
                        "currencyIso": "SEK",
                        "value": 59.9,
                        "priceType": "BUY",
                        "formattedValue": "59,90 kr",
                        "minQuantity": null,
                        "maxQuantity": null
                    },
                    "textLabelGenerated": "",
                    "textLabelManual": null,
                    "price": {
                        "currencyIso": "SEK",
                        "value": 49.9,
                        "priceType": "BUY",
                        "formattedValue": "49,90 kr",
                        "minQuantity": null,
                        "maxQuantity": null
                    },
                    "promotionType": "MixMatchPricePromotion",
                    "conditionLabel": "Spara 10,00 kr/st",
                    "rewardLabel": "49,90/st",
                    "textLabel": "",
                    "redeemLimitLabel": "",
                    "cartLabel": null,
                    "validUntil": null,
                    "timesUsed": null,
                    "qualifyingCount": 1,
                    "comparePrice": "124,75 kr",
                    "splashTitleText": "",
                    "realMixAndMatch": false,
                    "mainProductCode": "101613193_ST",
                    "conditionLabelFormatted": "",
                    "promotionRedeemLimit": null,
                    "promotionPercentage": null,
                    "cartLabelFormatted": "",
                    "priority": 408,
                    "code": "2500272808"
                }
            ],
            "inactivePotentialPromotions": [],
            "priceValue": 59.9,
            "price": "59,90 kr",
            "image": {
                "imageType": "PRIMARY",
                "format": "product",
                "url": "https://assets.axfood.se/image/upload/f_auto,t_200/07311043012527_C1N1_s01",
                "altText": null,
                "galleryIndex": null,
                "width": null
            },
            "ranking": 1.0,
            "depositPrice": "",
            "averageWeight": null,
            "comparePrice": "149,75 kr",
            "comparePriceUnit": "kg",
            "isDrugProduct": false,
            "solrSearchScore": 0.6426547169685364,
            "energyDeclaration": null,
            "newsSplashProduct": false,
            "notAllowedB2b": false,
            "notAllowedAnonymous": false,
            "productLine2": "ELDORADO, 400g",
            "pickupProductLine2": "ELDORADO, 400g",
            "priceUnit": "kr/st",
            "priceNoUnit": "59,90",
            "savingsAmount": 10.0,
            "googleAnalyticsCategory": "",
            "gdprTrackingIncompliant": false,
            "tobaccoProduct": false,
            "showGoodPriceIcon": false,
            "nicotineMedicalProduct": false,
            "tobaccoFreeNicotineProduct": false,
            "nonEkoProduct": false,
            "precautionaryStatements": [],
            "hazards": [],
            "labels": [
                "keyhole",
                "frozen"
            ],
            "seoDescription": "",
            "seoTitle": "",
            "manufacturer": "Eldorado",
            "incrementValue": 1.0,
            "productBasketType": {
                "code": "ST",
                "type": "ProductBasketTypeEnum"
            },
            "bargainProduct": false,
            "addToCartMessage": "",
            "thumbnail": {
                "imageType": "PRIMARY",
                "format": "thumbnail",
                "url": "https://assets.axfood.se/image/upload/f_auto,t_100/07311043012527_C1N1_s01",
                "altText": null,
                "galleryIndex": null,
                "width": null
            },
            "outOfStock": false,
            "online": true,
            "displayVolume": "400g",
            "addToCartDisabled": false,
            "name": "Sallads Kyckling",
            "code": "101613193_ST"
        },
        {
            "potentialPromotions": [
                {
                    "threshold": null,
                    "applied": false,
                    "campaignType": "GENERAL",
                    "offerStatus": null,
                    "productCodes": [
                        "101758934_ST"
                    ],
                    "promotionTheme": {
                        "code": "Z015",
                        "visible": null
                    },
                    "lowestHistoricalPrice": {
                        "currencyIso": "SEK",
                        "value": 19.9,
                        "priceType": "BUY",
                        "formattedValue": "19,90 kr",
                        "minQuantity": null,
                        "maxQuantity": null
                    },
                    "textLabelGenerated": "",
                    "textLabelManual": null,
                    "price": {
                        "currencyIso": "SEK",
                        "value": 16.9,
                        "priceType": "BUY",
                        "formattedValue": "16,90 kr",
                        "minQuantity": null,
                        "maxQuantity": null
                    },
                    "promotionType": "MixMatchPricePromotion",
                    "conditionLabel": "Spara 3,00 kr/st",
                    "rewardLabel": "16,90/st",
                    "textLabel": "",
                    "redeemLimitLabel": "",
                    "cartLabel": null,
                    "validUntil": null,
                    "timesUsed": null,
                    "qualifyingCount": 1,
                    "comparePrice": "20,48 kr",
                    "splashTitleText": "",
                    "realMixAndMatch": false,
                    "mainProductCode": "101758934_ST",
                    "conditionLabelFormatted": "",
                    "promotionRedeemLimit": null,
                    "promotionPercentage": null,
                    "cartLabelFormatted": "",
                    "priority": 408,
                    "code": "2500270380"
                }
            ],
            "inactivePotentialPromotions": [],
            "priceValue": 19.9,
            "price": "19,90 kr",
            "image": {
                "imageType": "PRIMARY",
                "format": "product",
                "url": "https://assets.axfood.se/image/upload/f_auto,t_200/07310130013669_C1R1_s01",
                "altText": null,
                "galleryIndex": null,
                "width": null
            },
            "ranking": 1.0,
            "depositPrice": "",
            "averageWeight": null,
            "comparePrice": "24,12 kr",
            "comparePriceUnit": "kg",
            "isDrugProduct": false,
            "solrSearchScore": 0.6426547169685364,
            "energyDeclaration": null,
            "newsSplashProduct": false,
            "notAllowedB2b": false,
            "notAllowedAnonymous": false,
            "productLine2": "AXA, 825g",
            "pickupProductLine2": "AXA, 825g",
            "priceUnit": "kr/st",
            "priceNoUnit": "19,90",
            "savingsAmount": 3.0,
            "googleAnalyticsCategory": "",
            "gdprTrackingIncompliant": false,
            "tobaccoProduct": false,
            "showGoodPriceIcon": false,
            "nicotineMedicalProduct": false,
            "tobaccoFreeNicotineProduct": false,
            "nonEkoProduct": false,
            "precautionaryStatements": [],
            "hazards": [],
            "labels": [
                "swedish_flag",
                "from_sweden",
                "keyhole"
            ],
            "seoDescription": "",
            "seoTitle": "",
            "manufacturer": "Axa",
            "incrementValue": 1.0,
            "productBasketType": {
                "code": "ST",
                "type": "ProductBasketTypeEnum"
            },
            "bargainProduct": false,
            "addToCartMessage": "",
            "thumbnail": {
                "imageType": "PRIMARY",
                "format": "thumbnail",
                "url": "https://assets.axfood.se/image/upload/f_auto,t_100/07310130013669_C1R1_s01",
                "altText": null,
                "galleryIndex": null,
                "width": null
            },
            "outOfStock": false,
            "online": true,
            "displayVolume": "825g",
            "addToCartDisabled": false,
            "name": "Havregryn Extra Fylliga",
            "code": "101758934_ST"
        },
        {
            "potentialPromotions": [
                {
                    "threshold": null,
                    "applied": false,
                    "campaignType": "GENERAL",
                    "offerStatus": null,
                    "productCodes": [
                        "101222838_ST"
                    ],
                    "promotionTheme": {
                        "code": "Z010",
                        "visible": null
                    },
                    "lowestHistoricalPrice": {
                        "currencyIso": "SEK",
                        "value": 46.9,
                        "priceType": "BUY",
                        "formattedValue": "46,90 kr",
                        "minQuantity": null,
                        "maxQuantity": null
                    },
                    "textLabelGenerated": "",
                    "textLabelManual": null,
                    "price": {
                        "currencyIso": "SEK",
                        "value": 41.9,
                        "priceType": "BUY",
                        "formattedValue": "41,90 kr",
                        "minQuantity": null,
                        "maxQuantity": null
                    },
                    "promotionType": "MixMatchPricePromotion",
                    "conditionLabel": "Spara 7,00 kr/st",
                    "rewardLabel": "41,90/st",
                    "textLabel": "",
                    "redeemLimitLabel": "",
                    "cartLabel": null,
                    "validUntil": null,
                    "timesUsed": null,
                    "qualifyingCount": 1,
                    "comparePrice": "20,95 kr",
                    "splashTitleText": "",
                    "realMixAndMatch": false,
                    "mainProductCode": "101222838_ST",
                    "conditionLabelFormatted": "",
                    "promotionRedeemLimit": null,
                    "promotionPercentage": null,
                    "cartLabelFormatted": "",
                    "priority": 408,
                    "code": "2500269807"
                }
            ],
            "inactivePotentialPromotions": [],
            "priceValue": 48.9,
            "price": "48,90 kr",
            "image": {
                "imageType": "PRIMARY",
                "format": "product",
                "url": "https://assets.axfood.se/image/upload/f_auto,t_200/07340083434686_C1C1_s01",
                "altText": null,
                "galleryIndex": null,
                "width": null
            },
            "ranking": 1.0,
            "depositPrice": "",
            "averageWeight": null,
            "comparePrice": "24,45 kr",
            "comparePriceUnit": "l",
            "isDrugProduct": false,
            "solrSearchScore": 0.6426547169685364,
            "energyDeclaration": null,
            "newsSplashProduct": false,
            "notAllowedB2b": false,
            "notAllowedAnonymous": false,
            "productLine2": "ELDORADO, 2l",
            "pickupProductLine2": "ELDORADO, 2l",
            "priceUnit": "kr/st",
            "priceNoUnit": "48,90",
            "savingsAmount": 7.0,
            "googleAnalyticsCategory": "",
            "gdprTrackingIncompliant": false,
            "tobaccoProduct": false,
            "showGoodPriceIcon": false,
            "nicotineMedicalProduct": false,
            "tobaccoFreeNicotineProduct": false,
            "nonEkoProduct": false,
            "precautionaryStatements": [],
            "hazards": [],
            "labels": [],
            "seoDescription": "",
            "seoTitle": "",
            "manufacturer": "Eldorado",
            "incrementValue": 1.0,
            "productBasketType": {
                "code": "ST",
                "type": "ProductBasketTypeEnum"
            },
            "bargainProduct": false,
            "addToCartMessage": "",
            "thumbnail": {
                "imageType": "PRIMARY",
                "format": "thumbnail",
                "url": "https://assets.axfood.se/image/upload/f_auto,t_100/07340083434686_C1C1_s01",
                "altText": null,
                "galleryIndex": null,
                "width": null
            },
            "outOfStock": false,
            "online": true,
            "displayVolume": "2l",
            "addToCartDisabled": false,
            "name": "Rapsolja",
            "code": "101222838_ST"
        },
        {
            "potentialPromotions": [
                {
                    "threshold": null,
                    "applied": false,
                    "campaignType": "GENERAL",
                    "offerStatus": null,
                    "productCodes": [
                        "100968311_ST",
                        "101288290_ST"
                    ],
                    "promotionTheme": {
                        "code": "Z015",
                        "visible": null
                    },
                    "lowestHistoricalPrice": {
                        "currencyIso": "SEK",
                        "value": 35.9,
                        "priceType": "BUY",
                        "formattedValue": "35,90 kr",
                        "minQuantity": null,
                        "maxQuantity": null
                    },
                    "textLabelGenerated": "",
                    "textLabelManual": null,
                    "price": {
                        "currencyIso": "SEK",
                        "value": 29.9,
                        "priceType": "BUY",
                        "formattedValue": "29,90 kr",
                        "minQuantity": null,
                        "maxQuantity": null
                    },
                    "promotionType": "MixMatchPricePromotion",
                    "conditionLabel": "Spara 6,00 kr/st",
                    "rewardLabel": "29,90/st",
                    "textLabel": "",
                    "redeemLimitLabel": "",
                    "cartLabel": null,
                    "validUntil": null,
                    "timesUsed": null,
                    "qualifyingCount": 1,
                    "comparePrice": "149,50 kr",
                    "splashTitleText": "",
                    "realMixAndMatch": false,
                    "mainProductCode": "100968311_ST",
                    "conditionLabelFormatted": "",
                    "promotionRedeemLimit": null,
                    "promotionPercentage": null,
                    "cartLabelFormatted": "",
                    "priority": 408,
                    "code": "2500269771"
                }
            ],
            "inactivePotentialPromotions": [],
            "priceValue": 35.9,
            "price": "35,90 kr",
            "image": {
                "imageType": "PRIMARY",
                "format": "product",
                "url": "https://assets.axfood.se/image/upload/f_auto,t_200/07702018980918_C1N1_s03",
                "altText": null,
                "galleryIndex": null,
                "width": null
            },
            "ranking": 1.0,
            "depositPrice": "",
            "averageWeight": null,
            "comparePrice": "179,50 kr",
            "comparePriceUnit": "l",
            "isDrugProduct": false,
            "solrSearchScore": 0.6426547169685364,
            "energyDeclaration": null,
            "newsSplashProduct": false,
            "notAllowedB2b": false,
            "notAllowedAnonymous": false,
            "productLine2": "GILLETTE, 200ml",
            "pickupProductLine2": "GILLETTE, 200ml",
            "priceUnit": "kr/st",
            "priceNoUnit": "35,90",
            "savingsAmount": 6.0,
            "googleAnalyticsCategory": "",
            "gdprTrackingIncompliant": false,
            "tobaccoProduct": false,
            "showGoodPriceIcon": false,
            "nicotineMedicalProduct": false,
            "tobaccoFreeNicotineProduct": false,
            "nonEkoProduct": false,
            "precautionaryStatements": [],
            "hazards": [],
            "labels": [
                "warning",
                "no_pictogram"
            ],
            "seoDescription": "",
            "seoTitle": "",
            "manufacturer": "Gillette",
            "incrementValue": 1.0,
            "productBasketType": {
                "code": "ST",
                "type": "ProductBasketTypeEnum"
            },
            "bargainProduct": false,
            "addToCartMessage": "",
            "thumbnail": {
                "imageType": "PRIMARY",
                "format": "thumbnail",
                "url": "https://assets.axfood.se/image/upload/f_auto,t_100/07702018980918_C1N1_s03",
                "altText": null,
                "galleryIndex": null,
                "width": null
            },
            "outOfStock": false,
            "online": true,
            "displayVolume": "200ml",
            "addToCartDisabled": false,
            "name": "Sensitive Skin Original Scent Rakgel",
            "code": "100968311_ST"
        },
        {
            "potentialPromotions": [
                {
                    "threshold": null,
                    "applied": false,
                    "campaignType": "GENERAL",
                    "offerStatus": null,
                    "productCodes": [
                        "101197646_ST",
                        "101197644_ST",
                        "101197654_ST"
                    ],
                    "promotionTheme": {
                        "code": "Z010",
                        "visible": null
                    },
                    "lowestHistoricalPrice": null,
                    "textLabelGenerated": "",
                    "textLabelManual": null,
                    "price": {
                        "currencyIso": "SEK",
                        "value": 9.0,
                        "priceType": "BUY",
                        "formattedValue": "9,00 kr",
                        "minQuantity": null,
                        "maxQuantity": null
                    },
                    "promotionType": "MixMatchPricePromotion",
                    "conditionLabel": "Välj & blanda! 3 för",
                    "rewardLabel": "27,00",
                    "textLabel": "",
                    "redeemLimitLabel": "",
                    "cartLabel": null,
                    "validUntil": null,
                    "timesUsed": null,
                    "qualifyingCount": 3,
                    "comparePrice": "36,00 kr",
                    "splashTitleText": "",
                    "realMixAndMatch": true,
                    "mainProductCode": "101197646_ST",
                    "conditionLabelFormatted": "3 för",
                    "promotionRedeemLimit": null,
                    "promotionPercentage": null,
                    "cartLabelFormatted": "",
                    "priority": 408,
                    "code": "2500274375"
                }
            ],
            "inactivePotentialPromotions": [],
            "priceValue": 10.5,
            "price": "10,50 kr",
            "image": {
                "imageType": "PRIMARY",
                "format": "product",
                "url": "https://assets.axfood.se/image/upload/f_auto,t_200/07311443210509_C1C1_s04",
                "altText": null,
                "galleryIndex": null,
                "width": null
            },
            "ranking": 1.0,
            "depositPrice": "",
            "averageWeight": null,
            "comparePrice": "42,00 kr",
            "comparePriceUnit": "kg",
            "isDrugProduct": false,
            "solrSearchScore": 0.6426547169685364,
            "energyDeclaration": null,
            "newsSplashProduct": false,
            "notAllowedB2b": false,
            "notAllowedAnonymous": false,
            "productLine2": "BÄRRY, 250g",
            "pickupProductLine2": "BÄRRY, 250g",
            "priceUnit": "kr/st",
            "priceNoUnit": "10,50",
            "savingsAmount": 4.5,
            "googleAnalyticsCategory": "",
            "gdprTrackingIncompliant": false,
            "tobaccoProduct": false,
            "showGoodPriceIcon": false,
            "nicotineMedicalProduct": false,
            "tobaccoFreeNicotineProduct": false,
            "nonEkoProduct": false,
            "precautionaryStatements": [],
            "hazards": [],
            "labels": [
                "swedish_flag",
                "milk_from_sweden"
            ],
            "seoDescription": "",
            "seoTitle": "",
            "manufacturer": "Bärry",
            "incrementValue": 1.0,
            "productBasketType": {
                "code": "ST",
                "type": "ProductBasketTypeEnum"
            },
            "bargainProduct": false,
            "addToCartMessage": "",
            "thumbnail": {
                "imageType": "PRIMARY",
                "format": "thumbnail",
                "url": "https://assets.axfood.se/image/upload/f_auto,t_100/07311443210509_C1C1_s04",
                "altText": null,
                "galleryIndex": null,
                "width": null
            },
            "outOfStock": false,
            "online": true,
            "displayVolume": "250g",
            "addToCartDisabled": false,
            "name": "Körsbär Yoghurt 2,7%",
            "code": "101197646_ST"
        },
        {
            "potentialPromotions": [
                {
                    "threshold": null,
                    "applied": false,
                    "campaignType": "GENERAL",
                    "offerStatus": null,
                    "productCodes": [
                        "101199266_ST",
                        "101199287_ST",
                        "101348967_ST",
                        "101199277_ST",
                        "101623958_ST",
                        "101707994_ST",
                        "101707993_ST"
                    ],
                    "promotionTheme": {
                        "code": "Z015",
                        "visible": null
                    },
                    "lowestHistoricalPrice": null,
                    "textLabelGenerated": "",
                    "textLabelManual": null,
                    "price": {
                        "currencyIso": "SEK",
                        "value": 15.0,
                        "priceType": "BUY",
                        "formattedValue": "15,00 kr",
                        "minQuantity": null,
                        "maxQuantity": null
                    },
                    "promotionType": "MixMatchPricePromotion",
                    "conditionLabel": "Välj & blanda! 2 för",
                    "rewardLabel": "30,00",
                    "textLabel": "",
                    "redeemLimitLabel": "",
                    "cartLabel": null,
                    "validUntil": null,
                    "timesUsed": null,
                    "qualifyingCount": 2,
                    "comparePrice": "250,00 kr",
                    "splashTitleText": "",
                    "realMixAndMatch": true,
                    "mainProductCode": "101199266_ST",
                    "conditionLabelFormatted": "2 för",
                    "promotionRedeemLimit": null,
                    "promotionPercentage": null,
                    "cartLabelFormatted": "",
                    "priority": 408,
                    "code": "2500269013"
                }
            ],
            "inactivePotentialPromotions": [],
            "priceValue": 17.9,
            "price": "17,90 kr",
            "image": {
                "imageType": "PRIMARY",
                "format": "product",
                "url": "https://assets.axfood.se/image/upload/f_auto,t_200/04008429037894_C1N1_s02",
                "altText": null,
                "galleryIndex": null,
                "width": null
            },
            "ranking": 1.0,
            "depositPrice": "",
            "averageWeight": null,
            "comparePrice": "298,33 kr",
            "comparePriceUnit": "kg",
            "isDrugProduct": false,
            "solrSearchScore": 0.6426547169685364,
            "energyDeclaration": null,
            "newsSplashProduct": false,
            "notAllowedB2b": false,
            "notAllowedAnonymous": false,
            "productLine2": "DREAMIES, 60g",
            "pickupProductLine2": "DREAMIES, 60g",
            "priceUnit": "kr/st",
            "priceNoUnit": "17,90",
            "savingsAmount": 5.8,
            "googleAnalyticsCategory": "",
            "gdprTrackingIncompliant": false,
            "tobaccoProduct": false,
            "showGoodPriceIcon": false,
            "nicotineMedicalProduct": false,
            "tobaccoFreeNicotineProduct": false,
            "nonEkoProduct": false,
            "precautionaryStatements": [],
            "hazards": [],
            "labels": [],
            "seoDescription": "",
            "seoTitle": "",
            "manufacturer": "Dreamies",
            "incrementValue": 1.0,
            "productBasketType": {
                "code": "ST",
                "type": "ProductBasketTypeEnum"
            },
            "bargainProduct": false,
            "addToCartMessage": "",
            "thumbnail": {
                "imageType": "PRIMARY",
                "format": "thumbnail",
                "url": "https://assets.axfood.se/image/upload/f_auto,t_100/04008429037894_C1N1_s02",
                "altText": null,
                "galleryIndex": null,
                "width": null
            },
            "outOfStock": false,
            "online": true,
            "displayVolume": "60g",
            "addToCartDisabled": false,
            "name": "Kyckling Kattgodis",
            "code": "101199266_ST"
        },
        {
            "potentialPromotions": [
                {
                    "threshold": null,
                    "applied": false,
                    "campaignType": "GENERAL",
                    "offerStatus": null,
                    "productCodes": [
                        "101199723_ST"
                    ],
                    "promotionTheme": {
                        "code": "Z015",
                        "visible": null
                    },
                    "lowestHistoricalPrice": {
                        "currencyIso": "SEK",
                        "value": 39.9,
                        "priceType": "BUY",
                        "formattedValue": "39,90 kr",
                        "minQuantity": null,
                        "maxQuantity": null
                    },
                    "textLabelGenerated": "",
                    "textLabelManual": null,
                    "price": {
                        "currencyIso": "SEK",
                        "value": 29.9,
                        "priceType": "BUY",
                        "formattedValue": "29,90 kr",
                        "minQuantity": null,
                        "maxQuantity": null
                    },
                    "promotionType": "MixMatchPricePromotion",
                    "conditionLabel": "Spara 10,00 kr/st",
                    "rewardLabel": "29,90/st",
                    "textLabel": "",
                    "redeemLimitLabel": "",
                    "cartLabel": null,
                    "validUntil": null,
                    "timesUsed": null,
                    "qualifyingCount": 1,
                    "comparePrice": "1,50 kr",
                    "splashTitleText": "",
                    "realMixAndMatch": false,
                    "mainProductCode": "101199723_ST",
                    "conditionLabelFormatted": "",
                    "promotionRedeemLimit": null,
                    "promotionPercentage": null,
                    "cartLabelFormatted": "",
                    "priority": 408,
                    "code": "2500262503"
                }
            ],
            "inactivePotentialPromotions": [],
            "priceValue": 39.9,
            "price": "39,90 kr",
            "image": {
                "imageType": "PRIMARY",
                "format": "product",
                "url": "https://assets.axfood.se/image/upload/f_auto,t_200/03086126636948_C1N1_s02",
                "altText": null,
                "galleryIndex": null,
                "width": null
            },
            "ranking": 1.0,
            "depositPrice": "",
            "averageWeight": null,
            "comparePrice": "2,00 kr",
            "comparePriceUnit": "st",
            "isDrugProduct": false,
            "solrSearchScore": 0.6426547169685364,
            "energyDeclaration": null,
            "newsSplashProduct": false,
            "notAllowedB2b": false,
            "notAllowedAnonymous": false,
            "productLine2": "BIC, 20p",
            "pickupProductLine2": "BIC, 20p",
            "priceUnit": "kr/st",
            "priceNoUnit": "39,90",
            "savingsAmount": 10.0,
            "googleAnalyticsCategory": "",
            "gdprTrackingIncompliant": false,
            "tobaccoProduct": false,
            "showGoodPriceIcon": false,
            "nicotineMedicalProduct": false,
            "tobaccoFreeNicotineProduct": false,
            "nonEkoProduct": false,
            "precautionaryStatements": [],
            "hazards": [],
            "labels": [],
            "seoDescription": "",
            "seoTitle": "",
            "manufacturer": "Bic",
            "incrementValue": 1.0,
            "productBasketType": {
                "code": "ST",
                "type": "ProductBasketTypeEnum"
            },
            "bargainProduct": false,
            "addToCartMessage": "",
            "thumbnail": {
                "imageType": "PRIMARY",
                "format": "thumbnail",
                "url": "https://assets.axfood.se/image/upload/f_auto,t_100/03086126636948_C1N1_s02",
                "altText": null,
                "galleryIndex": null,
                "width": null
            },
            "outOfStock": false,
            "online": true,
            "displayVolume": "20p",
            "addToCartDisabled": false,
            "name": "Sensitive Engångshyvel",
            "code": "101199723_ST"
        },
        {
            "potentialPromotions": [
                {
                    "threshold": null,
                    "applied": false,
                    "campaignType": "GENERAL",
                    "offerStatus": null,
                    "productCodes": [
                        "101220853_ST",
                        "101220876_ST",
                        "101220906_ST",
                        "101482470_ST",
                        "101618362_ST",
                        "101618364_ST",
                        "101618365_ST",
                        "101716077_ST",
                        "101716110_ST",
                        "101806255_ST",
                        "101806256_ST",
                        "101806257_ST"
                    ],
                    "promotionTheme": {
                        "code": "Z019",
                        "visible": null
                    },
                    "lowestHistoricalPrice": null,
                    "textLabelGenerated": "",
                    "textLabelManual": null,
                    "price": {
                        "currencyIso": "SEK",
                        "value": 17.5,
                        "priceType": "BUY",
                        "formattedValue": "17,50 kr",
                        "minQuantity": null,
                        "maxQuantity": null
                    },
                    "promotionType": "MixMatchPricePromotion",
                    "conditionLabel": "Välj & blanda! 2 för",
                    "rewardLabel": "35,00",
                    "textLabel": "",
                    "redeemLimitLabel": "",
                    "cartLabel": null,
                    "validUntil": null,
                    "timesUsed": null,
                    "qualifyingCount": 2,
                    "comparePrice": "350,00 kr",
                    "splashTitleText": "Alltid bra pris",
                    "realMixAndMatch": true,
                    "mainProductCode": "101220853_ST",
                    "conditionLabelFormatted": "2 för",
                    "promotionRedeemLimit": null,
                    "promotionPercentage": null,
                    "cartLabelFormatted": "",
                    "priority": 208,
                    "code": "10008853407"
                }
            ],
            "inactivePotentialPromotions": [],
            "priceValue": 19.9,
            "price": "19,90 kr",
            "image": {
                "imageType": "PRIMARY",
                "format": "product",
                "url": "https://assets.axfood.se/image/upload/f_auto,t_200/08437000542025_C1N1_s01",
                "altText": null,
                "galleryIndex": null,
                "width": null
            },
            "ranking": 1.0,
            "depositPrice": "",
            "averageWeight": null,
            "comparePrice": "398,00 kr",
            "comparePriceUnit": "kg",
            "isDrugProduct": false,
            "solrSearchScore": 0.6426547169685364,
            "energyDeclaration": null,
            "newsSplashProduct": false,
            "notAllowedB2b": false,
            "notAllowedAnonymous": false,
            "productLine2": "JAMONES ARROYO, 50g",
            "pickupProductLine2": "JAMONES ARROYO, 50g",
            "priceUnit": "kr/st",
            "priceNoUnit": "19,90",
            "savingsAmount": 4.8,
            "googleAnalyticsCategory": "",
            "gdprTrackingIncompliant": false,
            "tobaccoProduct": false,
            "showGoodPriceIcon": true,
            "nicotineMedicalProduct": false,
            "tobaccoFreeNicotineProduct": false,
            "nonEkoProduct": false,
            "precautionaryStatements": [],
            "hazards": [],
            "labels": [],
            "seoDescription": "",
            "seoTitle": "",
            "manufacturer": "Jamones Arroyo",
            "incrementValue": 1.0,
            "productBasketType": {
                "code": "ST",
                "type": "ProductBasketTypeEnum"
            },
            "bargainProduct": false,
            "addToCartMessage": "",
            "thumbnail": {
                "imageType": "PRIMARY",
                "format": "thumbnail",
                "url": "https://assets.axfood.se/image/upload/f_auto,t_100/08437000542025_C1N1_s01",
                "altText": null,
                "galleryIndex": null,
                "width": null
            },
            "outOfStock": false,
            "online": true,
            "displayVolume": "50g",
            "addToCartDisabled": false,
            "name": "Skinka Serrano Gourmet Premium Skivad",
            "code": "101220853_ST"
        },
        {
            "potentialPromotions": [
                {
                    "threshold": null,
                    "applied": false,
                    "campaignType": "GENERAL",
                    "offerStatus": null,
                    "productCodes": [
                        "101232355_ST"
                    ],
                    "promotionTheme": {
                        "code": "Z015",
                        "visible": null
                    },
                    "lowestHistoricalPrice": {
                        "currencyIso": "SEK",
                        "value": 89.9,
                        "priceType": "BUY",
                        "formattedValue": "89,90 kr",
                        "minQuantity": null,
                        "maxQuantity": null
                    },
                    "textLabelGenerated": "",
                    "textLabelManual": null,
                    "price": {
                        "currencyIso": "SEK",
                        "value": 74.9,
                        "priceType": "BUY",
                        "formattedValue": "74,90 kr",
                        "minQuantity": null,
                        "maxQuantity": null
                    },
                    "promotionType": "MixMatchPricePromotion",
                    "conditionLabel": "Spara 15,00 kr/st",
                    "rewardLabel": "74,90/st",
                    "textLabel": "",
                    "redeemLimitLabel": "",
                    "cartLabel": null,
                    "validUntil": null,
                    "timesUsed": null,
                    "qualifyingCount": 1,
                    "comparePrice": "35,03 kr",
                    "splashTitleText": "",
                    "realMixAndMatch": false,
                    "mainProductCode": "101232355_ST",
                    "conditionLabelFormatted": "",
                    "promotionRedeemLimit": null,
                    "promotionPercentage": null,
                    "cartLabelFormatted": "",
                    "priority": 408,
                    "code": "2500262338"
                }
            ],
            "inactivePotentialPromotions": [],
            "priceValue": 89.9,
            "price": "89,90 kr",
            "image": {
                "imageType": "PRIMARY",
                "format": "product",
                "url": "https://assets.axfood.se/image/upload/f_auto,t_200/07340083440694_C1L1_s03",
                "altText": null,
                "galleryIndex": null,
                "width": null
            },
            "ranking": 1.0,
            "depositPrice": "",
            "averageWeight": null,
            "comparePrice": "42,05 kr",
            "comparePriceUnit": "kg",
            "isDrugProduct": false,
            "solrSearchScore": 0.6426547169685364,
            "energyDeclaration": null,
            "newsSplashProduct": false,
            "notAllowedB2b": false,
            "notAllowedAnonymous": false,
            "productLine2": "FIXA, 16p",
            "pickupProductLine2": "FIXA, 16p",
            "priceUnit": "kr/st",
            "priceNoUnit": "89,90",
            "savingsAmount": 15.0,
            "googleAnalyticsCategory": "",
            "gdprTrackingIncompliant": false,
            "tobaccoProduct": false,
            "showGoodPriceIcon": false,
            "nicotineMedicalProduct": false,
            "tobaccoFreeNicotineProduct": false,
            "nonEkoProduct": false,
            "precautionaryStatements": [],
            "hazards": [],
            "labels": [
                "swan",
                "environmental_facet"
            ],
            "seoDescription": "",
            "seoTitle": "",
            "manufacturer": "Fixa",
            "incrementValue": 1.0,
            "productBasketType": {
                "code": "ST",
                "type": "ProductBasketTypeEnum"
            },
            "bargainProduct": false,
            "addToCartMessage": "",
            "thumbnail": {
                "imageType": "PRIMARY",
                "format": "thumbnail",
                "url": "https://assets.axfood.se/image/upload/f_auto,t_100/07340083440694_C1L1_s03",
                "altText": null,
                "galleryIndex": null,
                "width": null
            },
            "outOfStock": false,
            "online": true,
            "displayVolume": "16p",
            "addToCartDisabled": false,
            "name": "Toalettpapper Natur",
            "code": "101232355_ST"
        },
        {
            "potentialPromotions": [
                {
                    "threshold": null,
                    "applied": false,
                    "campaignType": "GENERAL",
                    "offerStatus": null,
                    "productCodes": [
                        "101279773_ST"
                    ],
                    "promotionTheme": {
                        "code": "Z019",
                        "visible": null
                    },
                    "lowestHistoricalPrice": null,
                    "textLabelGenerated": "",
                    "textLabelManual": null,
                    "price": {
                        "currencyIso": "SEK",
                        "value": 7.5,
                        "priceType": "BUY",
                        "formattedValue": "7,50 kr",
                        "minQuantity": null,
                        "maxQuantity": null
                    },
                    "promotionType": "MixMatchPricePromotion",
                    "conditionLabel": "2 för",
                    "rewardLabel": "15,00",
                    "textLabel": "",
                    "redeemLimitLabel": "",
                    "cartLabel": null,
                    "validUntil": null,
                    "timesUsed": null,
                    "qualifyingCount": 2,
                    "comparePrice": "0,15 kr",
                    "splashTitleText": "Alltid bra pris",
                    "realMixAndMatch": false,
                    "mainProductCode": "101279773_ST",
                    "conditionLabelFormatted": "",
                    "promotionRedeemLimit": null,
                    "promotionPercentage": null,
                    "cartLabelFormatted": "",
                    "priority": 208,
                    "code": "10008853403"
                }
            ],
            "inactivePotentialPromotions": [],
            "priceValue": 9.9,
            "price": "9,90 kr",
            "image": {
                "imageType": "PRIMARY",
                "format": "product",
                "url": "https://assets.axfood.se/image/upload/f_auto,t_200/07340083467622_C1L1_s01",
                "altText": null,
                "galleryIndex": null,
                "width": null
            },
            "ranking": 1.0,
            "depositPrice": "",
            "averageWeight": null,
            "comparePrice": "0,20 kr",
            "comparePriceUnit": "st",
            "isDrugProduct": false,
            "solrSearchScore": 0.6426547169685364,
            "energyDeclaration": null,
            "newsSplashProduct": false,
            "notAllowedB2b": false,
            "notAllowedAnonymous": false,
            "productLine2": "FIRST PRICE, 50p",
            "pickupProductLine2": "FIRST PRICE, 50p",
            "priceUnit": "kr/st",
            "priceNoUnit": "9,90",
            "savingsAmount": 4.8,
            "googleAnalyticsCategory": "",
            "gdprTrackingIncompliant": false,
            "tobaccoProduct": false,
            "showGoodPriceIcon": true,
            "nicotineMedicalProduct": false,
            "tobaccoFreeNicotineProduct": false,
            "nonEkoProduct": false,
            "precautionaryStatements": [],
            "hazards": [],
            "labels": [],
            "seoDescription": "",
            "seoTitle": "",
            "manufacturer": "First Price",
            "incrementValue": 1.0,
            "productBasketType": {
                "code": "ST",
                "type": "ProductBasketTypeEnum"
            },
            "bargainProduct": false,
            "addToCartMessage": "",
            "thumbnail": {
                "imageType": "PRIMARY",
                "format": "thumbnail",
                "url": "https://assets.axfood.se/image/upload/f_auto,t_100/07340083467622_C1L1_s01",
                "altText": null,
                "galleryIndex": null,
                "width": null
            },
            "outOfStock": false,
            "online": true,
            "displayVolume": "50p",
            "addToCartDisabled": false,
            "name": "Hundbajspåsar",
            "code": "101279773_ST"
        },
        {
            "potentialPromotions": [
                {
                    "threshold": null,
                    "applied": false,
                    "campaignType": "GENERAL",
                    "offerStatus": null,
                    "productCodes": [
                        "101273694_ST",
                        "101363035_ST",
                        "101363037_ST",
                        "101464864_ST",
                        "101482469_ST",
                        "101550299_ST",
                        "101551388_ST",
                        "101583026_ST",
                        "101583099_ST",
                        "101618363_ST",
                        "101618366_ST",
                        "101618367_ST",
                        "101693260_ST",
                        "101693261_ST",
                        "101693262_ST",
                        "101693370_ST",
                        "101798524_ST",
                        "101798541_ST",
                        "101806411_ST",
                        "101806413_ST"
                    ],
                    "promotionTheme": {
                        "code": "Z019",
                        "visible": null
                    },
                    "lowestHistoricalPrice": null,
                    "textLabelGenerated": "",
                    "textLabelManual": null,
                    "price": {
                        "currencyIso": "SEK",
                        "value": 27.5,
                        "priceType": "BUY",
                        "formattedValue": "27,50 kr",
                        "minQuantity": null,
                        "maxQuantity": null
                    },
                    "promotionType": "MixMatchPricePromotion",
                    "conditionLabel": "Välj & blanda! 2 för",
                    "rewardLabel": "55,00",
                    "textLabel": "",
                    "redeemLimitLabel": "",
                    "cartLabel": null,
                    "validUntil": null,
                    "timesUsed": null,
                    "qualifyingCount": 2,
                    "comparePrice": "416,67 kr",
                    "splashTitleText": "Alltid bra pris",
                    "realMixAndMatch": true,
                    "mainProductCode": "101273694_ST",
                    "conditionLabelFormatted": "2 för",
                    "promotionRedeemLimit": null,
                    "promotionPercentage": null,
                    "cartLabelFormatted": "",
                    "priority": 208,
                    "code": "10008853408"
                }
            ],
            "inactivePotentialPromotions": [],
            "priceValue": 29.9,
            "price": "29,90 kr",
            "image": {
                "imageType": "PRIMARY",
                "format": "product",
                "url": "https://assets.axfood.se/image/upload/f_auto,t_200/07611612132237_C1N1_s01",
                "altText": null,
                "galleryIndex": null,
                "width": null
            },
            "ranking": 1.0,
            "depositPrice": "",
            "averageWeight": null,
            "comparePrice": "453,03 kr",
            "comparePriceUnit": "kg",
            "isDrugProduct": false,
            "solrSearchScore": 0.6426547169685364,
            "energyDeclaration": null,
            "newsSplashProduct": false,
            "notAllowedB2b": false,
            "notAllowedAnonymous": false,
            "productLine2": "MONTE CASTELLO, 66g",
            "pickupProductLine2": "MONTE CASTELLO, 66g",
            "priceUnit": "kr/st",
            "priceNoUnit": "29,90",
            "savingsAmount": 4.8,
            "googleAnalyticsCategory": "",
            "gdprTrackingIncompliant": false,
            "tobaccoProduct": false,
            "showGoodPriceIcon": true,
            "nicotineMedicalProduct": false,
            "tobaccoFreeNicotineProduct": false,
            "nonEkoProduct": false,
            "precautionaryStatements": [],
            "hazards": [],
            "labels": [],
            "seoDescription": "",
            "seoTitle": "",
            "manufacturer": "Monte Castello",
            "incrementValue": 1.0,
            "productBasketType": {
                "code": "ST",
                "type": "ProductBasketTypeEnum"
            },
            "bargainProduct": false,
            "addToCartMessage": "",
            "thumbnail": {
                "imageType": "PRIMARY",
                "format": "thumbnail",
                "url": "https://assets.axfood.se/image/upload/f_auto,t_100/07611612132237_C1N1_s01",
                "altText": null,
                "galleryIndex": null,
                "width": null
            },
            "outOfStock": false,
            "online": true,
            "displayVolume": "66g",
            "addToCartDisabled": false,
            "name": "Serranolindad Manchego",
            "code": "101273694_ST"
        },
        {
            "potentialPromotions": [
                {
                    "threshold": null,
                    "applied": false,
                    "campaignType": "GENERAL",
                    "offerStatus": null,
                    "productCodes": [
                        "101274322_ST",
                        "101274343_ST",
                        "101274330_ST",
                        "101274342_ST",
                        "101274307_ST",
                        "101274312_ST",
                        "101274323_ST",
                        "101274340_ST",
                        "101501400_ST"
                    ],
                    "promotionTheme": {
                        "code": "Z015",
                        "visible": null
                    },
                    "lowestHistoricalPrice": {
                        "currencyIso": "SEK",
                        "value": 84.9,
                        "priceType": "BUY",
                        "formattedValue": "84,90 kr",
                        "minQuantity": null,
                        "maxQuantity": null
                    },
                    "textLabelGenerated": "",
                    "textLabelManual": null,
                    "price": {
                        "currencyIso": "SEK",
                        "value": 59.9,
                        "priceType": "BUY",
                        "formattedValue": "59,90 kr",
                        "minQuantity": null,
                        "maxQuantity": null
                    },
                    "promotionType": "MixMatchPricePromotion",
                    "conditionLabel": "Spara 25,00 kr/st",
                    "rewardLabel": "59,90/st",
                    "textLabel": "",
                    "redeemLimitLabel": "",
                    "cartLabel": null,
                    "validUntil": null,
                    "timesUsed": null,
                    "qualifyingCount": 1,
                    "comparePrice": null,
                    "splashTitleText": "",
                    "realMixAndMatch": false,
                    "mainProductCode": "101274322_ST",
                    "conditionLabelFormatted": "",
                    "promotionRedeemLimit": null,
                    "promotionPercentage": null,
                    "cartLabelFormatted": "",
                    "priority": 408,
                    "code": "2500269598"
                }
            ],
            "inactivePotentialPromotions": [],
            "priceValue": 84.9,
            "price": "84,90 kr",
            "image": {
                "imageType": "PRIMARY",
                "format": "product",
                "url": "https://assets.axfood.se/image/upload/f_auto,t_200/03600542131148_C1C1_s02",
                "altText": null,
                "galleryIndex": null,
                "width": null
            },
            "ranking": 1.0,
            "depositPrice": "",
            "averageWeight": null,
            "comparePrice": "",
            "comparePriceUnit": "",
            "isDrugProduct": false,
            "solrSearchScore": 0.6426547169685364,
            "energyDeclaration": null,
            "newsSplashProduct": false,
            "notAllowedB2b": false,
            "notAllowedAnonymous": false,
            "productLine2": "NUTRISSE, 1st",
            "pickupProductLine2": "NUTRISSE, 1st",
            "priceUnit": "kr/st",
            "priceNoUnit": "84,90",
            "savingsAmount": 25.0,
            "googleAnalyticsCategory": "",
            "gdprTrackingIncompliant": false,
            "tobaccoProduct": false,
            "showGoodPriceIcon": false,
            "nicotineMedicalProduct": false,
            "tobaccoFreeNicotineProduct": false,
            "nonEkoProduct": false,
            "precautionaryStatements": [],
            "hazards": [],
            "labels": [],
            "seoDescription": "",
            "seoTitle": "",
            "manufacturer": "Nutrisse",
            "incrementValue": 1.0,
            "productBasketType": {
                "code": "ST",
                "type": "ProductBasketTypeEnum"
            },
            "bargainProduct": false,
            "addToCartMessage": "",
            "thumbnail": {
                "imageType": "PRIMARY",
                "format": "thumbnail",
                "url": "https://assets.axfood.se/image/upload/f_auto,t_100/03600542131148_C1C1_s02",
                "altText": null,
                "galleryIndex": null,
                "width": null
            },
            "outOfStock": false,
            "online": true,
            "displayVolume": "1st",
            "addToCartDisabled": false,
            "name": "Nutrisse 5.0 Medium Brown Permanent Hårfärg",
            "code": "101274322_ST"
        },
        {
            "potentialPromotions": [
                {
                    "threshold": null,
                    "applied": false,
                    "campaignType": "GENERAL",
                    "offerStatus": null,
                    "productCodes": [
                        "101276648_ST",
                        "101289910_ST",
                        "101547541_ST",
                        "101676551_ST"
                    ],
                    "promotionTheme": {
                        "code": "Z019",
                        "visible": null
                    },
                    "lowestHistoricalPrice": null,
                    "textLabelGenerated": "",
                    "textLabelManual": null,
                    "price": {
                        "currencyIso": "SEK",
                        "value": 5.0,
                        "priceType": "BUY",
                        "formattedValue": "5,00 kr",
                        "minQuantity": null,
                        "maxQuantity": null
                    },
                    "promotionType": "MixMatchPricePromotion",
                    "conditionLabel": "Välj & blanda! 5 för",
                    "rewardLabel": "25,00",
                    "textLabel": "",
                    "redeemLimitLabel": "",
                    "cartLabel": null,
                    "validUntil": null,
                    "timesUsed": null,
                    "qualifyingCount": 5,
                    "comparePrice": "71,43 kr",
                    "splashTitleText": "Alltid bra pris",
                    "realMixAndMatch": true,
                    "mainProductCode": "100380678_ST",
                    "conditionLabelFormatted": "5 för",
                    "promotionRedeemLimit": null,
                    "promotionPercentage": null,
                    "cartLabelFormatted": "",
                    "priority": 208,
                    "code": "10008853203"
                }
            ],
            "inactivePotentialPromotions": [],
            "priceValue": 5.9,
            "price": "5,90 kr",
            "image": {
                "imageType": "PRIMARY",
                "format": "product",
                "url": "https://assets.axfood.se/image/upload/f_auto,t_200/00735006712861_C1C1_s01",
                "altText": null,
                "galleryIndex": null,
                "width": null
            },
            "ranking": 1.0,
            "depositPrice": "",
            "averageWeight": null,
            "comparePrice": "84,29 kr",
            "comparePriceUnit": "kg",
            "isDrugProduct": false,
            "solrSearchScore": 0.6426547169685364,
            "energyDeclaration": null,
            "newsSplashProduct": false,
            "notAllowedB2b": false,
            "notAllowedAnonymous": false,
            "productLine2": "SURÅDEG, 70g",
            "pickupProductLine2": "SURÅDEG, 70g",
            "priceUnit": "kr/st",
            "priceNoUnit": "5,90",
            "savingsAmount": 4.5,
            "googleAnalyticsCategory": "",
            "gdprTrackingIncompliant": false,
            "tobaccoProduct": false,
            "showGoodPriceIcon": true,
            "nicotineMedicalProduct": false,
            "tobaccoFreeNicotineProduct": false,
            "nonEkoProduct": false,
            "precautionaryStatements": [],
            "hazards": [],
            "labels": [],
            "seoDescription": "",
            "seoTitle": "",
            "manufacturer": "Surådeg",
            "incrementValue": 1.0,
            "productBasketType": {
                "code": "ST",
                "type": "ProductBasketTypeEnum"
            },
            "bargainProduct": false,
            "addToCartMessage": "",
            "thumbnail": {
                "imageType": "PRIMARY",
                "format": "thumbnail",
                "url": "https://assets.axfood.se/image/upload/f_auto,t_100/00735006712861_C1C1_s01",
                "altText": null,
                "galleryIndex": null,
                "width": null
            },
            "outOfStock": false,
            "online": true,
            "displayVolume": "70g",
            "addToCartDisabled": false,
            "name": "Ostfralla",
            "code": "101276648_ST"
        },
        {
            "potentialPromotions": [
                {
                    "threshold": null,
                    "applied": false,
                    "campaignType": "GENERAL",
                    "offerStatus": null,
                    "productCodes": [
                        "101282602_ST",
                        "101296188_ST",
                        "101670627_ST",
                        "101282537_ST"
                    ],
                    "promotionTheme": {
                        "code": "Z015",
                        "visible": null
                    },
                    "lowestHistoricalPrice": {
                        "currencyIso": "SEK",
                        "value": 41.9,
                        "priceType": "BUY",
                        "formattedValue": "41,90 kr",
                        "minQuantity": null,
                        "maxQuantity": null
                    },
                    "textLabelGenerated": "",
                    "textLabelManual": null,
                    "price": {
                        "currencyIso": "SEK",
                        "value": 29.9,
                        "priceType": "BUY",
                        "formattedValue": "29,90 kr",
                        "minQuantity": null,
                        "maxQuantity": null
                    },
                    "promotionType": "MixMatchPricePromotion",
                    "conditionLabel": "Spara 12,00 kr/st",
                    "rewardLabel": "29,90/st",
                    "textLabel": "",
                    "redeemLimitLabel": "",
                    "cartLabel": null,
                    "validUntil": null,
                    "timesUsed": null,
                    "qualifyingCount": 1,
                    "comparePrice": "79,73 kr",
                    "splashTitleText": "",
                    "realMixAndMatch": false,
                    "mainProductCode": "101282602_ST",
                    "conditionLabelFormatted": "",
                    "promotionRedeemLimit": null,
                    "promotionPercentage": null,
                    "cartLabelFormatted": "",
                    "priority": 408,
                    "code": "2500269043"
                }
            ],
            "inactivePotentialPromotions": [],
            "priceValue": 41.9,
            "price": "41,90 kr",
            "image": {
                "imageType": "PRIMARY",
                "format": "product",
                "url": "https://assets.axfood.se/image/upload/f_auto,t_200/07350099111112_C1N1_s03",
                "altText": null,
                "galleryIndex": null,
                "width": null
            },
            "ranking": 1.0,
            "depositPrice": "",
            "averageWeight": null,
            "comparePrice": "111,73 kr",
            "comparePriceUnit": "kg",
            "isDrugProduct": false,
            "solrSearchScore": 0.6426547169685364,
            "energyDeclaration": null,
            "newsSplashProduct": false,
            "notAllowedB2b": false,
            "notAllowedAnonymous": false,
            "productLine2": "FÄRSKING, 375g",
            "pickupProductLine2": "FÄRSKING, 375g",
            "priceUnit": "kr/st",
            "priceNoUnit": "41,90",
            "savingsAmount": 12.0,
            "googleAnalyticsCategory": "",
            "gdprTrackingIncompliant": false,
            "tobaccoProduct": false,
            "showGoodPriceIcon": false,
            "nicotineMedicalProduct": false,
            "tobaccoFreeNicotineProduct": false,
            "nonEkoProduct": false,
            "precautionaryStatements": [],
            "hazards": [],
            "labels": [],
            "seoDescription": "",
            "seoTitle": "",
            "manufacturer": "Färsking",
            "incrementValue": 1.0,
            "productBasketType": {
                "code": "ST",
                "type": "ProductBasketTypeEnum"
            },
            "bargainProduct": false,
            "addToCartMessage": "",
            "thumbnail": {
                "imageType": "PRIMARY",
                "format": "thumbnail",
                "url": "https://assets.axfood.se/image/upload/f_auto,t_100/07350099111112_C1N1_s03",
                "altText": null,
                "galleryIndex": null,
                "width": null
            },
            "outOfStock": false,
            "online": true,
            "displayVolume": "375g",
            "addToCartDisabled": false,
            "name": "Äpple Kanel Granola",
            "code": "101282602_ST"
        },
        {
            "potentialPromotions": [
                {
                    "threshold": null,
                    "applied": false,
                    "campaignType": "GENERAL",
                    "offerStatus": null,
                    "productCodes": [
                        "101283057_ST",
                        "100189378_ST",
                        "100482292_ST",
                        "100891634_ST",
                        "100622881_ST",
                        "100482390_ST",
                        "100059393_ST"
                    ],
                    "promotionTheme": {
                        "code": "Z015",
                        "visible": null
                    },
                    "lowestHistoricalPrice": null,
                    "textLabelGenerated": "",
                    "textLabelManual": null,
                    "price": {
                        "currencyIso": "SEK",
                        "value": 9.0,
                        "priceType": "BUY",
                        "formattedValue": "9,00 kr",
                        "minQuantity": null,
                        "maxQuantity": null
                    },
                    "promotionType": "MixMatchPricePromotion",
                    "conditionLabel": "Välj & blanda! 2 för",
                    "rewardLabel": "18,00",
                    "textLabel": "",
                    "redeemLimitLabel": "",
                    "cartLabel": null,
                    "validUntil": null,
                    "timesUsed": null,
                    "qualifyingCount": 2,
                    "comparePrice": "209,30 kr",
                    "splashTitleText": "",
                    "realMixAndMatch": true,
                    "mainProductCode": "101283057_ST",
                    "conditionLabelFormatted": "2 för",
                    "promotionRedeemLimit": null,
                    "promotionPercentage": null,
                    "cartLabelFormatted": "",
                    "priority": 408,
                    "code": "2500273762"
                }
            ],
            "inactivePotentialPromotions": [],
            "priceValue": 11.9,
            "price": "11,90 kr",
            "image": {
                "imageType": "PRIMARY",
                "format": "product",
                "url": "https://assets.axfood.se/image/upload/f_auto,t_200/07622210865335_C1N1_s02",
                "altText": null,
                "galleryIndex": null,
                "width": null
            },
            "ranking": 1.0,
            "depositPrice": "",
            "averageWeight": null,
            "comparePrice": "276,74 kr",
            "comparePriceUnit": "kg",
            "isDrugProduct": false,
            "solrSearchScore": 0.6426547169685364,
            "energyDeclaration": null,
            "newsSplashProduct": false,
            "notAllowedB2b": false,
            "notAllowedAnonymous": false,
            "productLine2": "MARABOU, 43g",
            "pickupProductLine2": "MARABOU, 43g",
            "priceUnit": "kr/st",
            "priceNoUnit": "11,90",
            "savingsAmount": 5.8,
            "googleAnalyticsCategory": "",
            "gdprTrackingIncompliant": false,
            "tobaccoProduct": false,
            "showGoodPriceIcon": false,
            "nicotineMedicalProduct": false,
            "tobaccoFreeNicotineProduct": false,
            "nonEkoProduct": false,
            "precautionaryStatements": [],
            "hazards": [],
            "labels": [],
            "seoDescription": "",
            "seoTitle": "",
            "manufacturer": "Marabou",
            "incrementValue": 1.0,
            "productBasketType": {
                "code": "ST",
                "type": "ProductBasketTypeEnum"
            },
            "bargainProduct": false,
            "addToCartMessage": "",
            "thumbnail": {
                "imageType": "PRIMARY",
                "format": "thumbnail",
                "url": "https://assets.axfood.se/image/upload/f_auto,t_100/07622210865335_C1N1_s02",
                "altText": null,
                "galleryIndex": null,
                "width": null
            },
            "outOfStock": false,
            "online": true,
            "displayVolume": "43g",
            "addToCartDisabled": false,
            "name": "Dubbel Nougat",
            "code": "101283057_ST"
        },
        {
            "potentialPromotions": [
                {
                    "threshold": null,
                    "applied": false,
                    "campaignType": "GENERAL",
                    "offerStatus": null,
                    "productCodes": [
                        "101268584_ST",
                        "101320574_ST",
                        "101320591_ST"
                    ],
                    "promotionTheme": {
                        "code": "Z015",
                        "visible": null
                    },
                    "lowestHistoricalPrice": null,
                    "textLabelGenerated": "",
                    "textLabelManual": null,
                    "price": {
                        "currencyIso": "SEK",
                        "value": 29.5,
                        "priceType": "BUY",
                        "formattedValue": "29,50 kr",
                        "minQuantity": null,
                        "maxQuantity": null
                    },
                    "promotionType": "MixMatchPricePromotion",
                    "conditionLabel": "Välj & blanda! 2 för",
                    "rewardLabel": "59,00",
                    "textLabel": "",
                    "redeemLimitLabel": "",
                    "cartLabel": null,
                    "validUntil": null,
                    "timesUsed": null,
                    "qualifyingCount": 2,
                    "comparePrice": "14,75 kr",
                    "splashTitleText": "",
                    "realMixAndMatch": true,
                    "mainProductCode": "101268584_ST",
                    "conditionLabelFormatted": "2 för",
                    "promotionRedeemLimit": null,
                    "promotionPercentage": null,
                    "cartLabelFormatted": "",
                    "priority": 408,
                    "code": "2500269069"
                }
            ],
            "inactivePotentialPromotions": [],
            "priceValue": 35.9,
            "price": "35,90 kr",
            "image": {
                "imageType": "PRIMARY",
                "format": "product",
                "url": "https://assets.axfood.se/image/upload/f_auto,t_200/04050300958019_S01",
                "altText": null,
                "galleryIndex": null,
                "width": null
            },
            "ranking": 1.0,
            "depositPrice": "",
            "averageWeight": null,
            "comparePrice": "17,95 kr",
            "comparePriceUnit": "st",
            "isDrugProduct": false,
            "solrSearchScore": 0.6426547169685364,
            "energyDeclaration": {
                "link": "https://eprel.ec.europa.eu/screen/product/lightsources/714461",
                "value": "G",
                "image": "https://res.cloudinary.com/willys-eu/image/upload/f_auto,q_auto/v1/cmsImagesWillys/16565188853790"
            },
            "newsSplashProduct": false,
            "notAllowedB2b": false,
            "notAllowedAnonymous": false,
            "productLine2": "OSRAM, 2p",
            "pickupProductLine2": "OSRAM, 2p",
            "priceUnit": "kr/st",
            "priceNoUnit": "35,90",
            "savingsAmount": 12.8,
            "googleAnalyticsCategory": "",
            "gdprTrackingIncompliant": false,
            "tobaccoProduct": false,
            "showGoodPriceIcon": false,
            "nicotineMedicalProduct": false,
            "tobaccoFreeNicotineProduct": false,
            "nonEkoProduct": false,
            "precautionaryStatements": [],
            "hazards": [],
            "labels": [],
            "seoDescription": "",
            "seoTitle": "",
            "manufacturer": "Osram",
            "incrementValue": 1.0,
            "productBasketType": {
                "code": "ST",
                "type": "ProductBasketTypeEnum"
            },
            "bargainProduct": false,
            "addToCartMessage": "",
            "thumbnail": {
                "imageType": "PRIMARY",
                "format": "thumbnail",
                "url": "https://assets.axfood.se/image/upload/f_auto,t_100/04050300958019_S01",
                "altText": null,
                "galleryIndex": null,
                "width": null
            },
            "outOfStock": false,
            "online": true,
            "displayVolume": "2p",
            "addToCartDisabled": false,
            "name": "Päronlampa 15w E14 Special",
            "code": "101268584_ST"
        },
        {
            "potentialPromotions": [
                {
                    "threshold": null,
                    "applied": false,
                    "campaignType": "GENERAL",
                    "offerStatus": null,
                    "productCodes": [
                        "101756172_ST"
                    ],
                    "promotionTheme": {
                        "code": "Z010",
                        "visible": null
                    },
                    "lowestHistoricalPrice": {
                        "currencyIso": "SEK",
                        "value": 15.9,
                        "priceType": "BUY",
                        "formattedValue": "15,90 kr",
                        "minQuantity": null,
                        "maxQuantity": null
                    },
                    "textLabelGenerated": "",
                    "textLabelManual": null,
                    "price": {
                        "currencyIso": "SEK",
                        "value": 13.9,
                        "priceType": "BUY",
                        "formattedValue": "13,90 kr",
                        "minQuantity": null,
                        "maxQuantity": null
                    },
                    "promotionType": "MixMatchPricePromotion",
                    "conditionLabel": "Spara 2,00 kr/st",
                    "rewardLabel": "13,90/st",
                    "textLabel": "",
                    "redeemLimitLabel": "",
                    "cartLabel": null,
                    "validUntil": null,
                    "timesUsed": null,
                    "qualifyingCount": 1,
                    "comparePrice": "55,60 kr",
                    "splashTitleText": "",
                    "realMixAndMatch": false,
                    "mainProductCode": "101756172_ST",
                    "conditionLabelFormatted": "",
                    "promotionRedeemLimit": null,
                    "promotionPercentage": null,
                    "cartLabelFormatted": "",
                    "priority": 408,
                    "code": "2500269674"
                }
            ],
            "inactivePotentialPromotions": [],
            "priceValue": 15.9,
            "price": "15,90 kr",
            "image": {
                "imageType": "PRIMARY",
                "format": "product",
                "url": "https://assets.axfood.se/image/upload/f_auto,t_200/07311043021192_C1L1_s01",
                "altText": null,
                "galleryIndex": null,
                "width": null
            },
            "ranking": 1.0,
            "depositPrice": "",
            "averageWeight": null,
            "comparePrice": "63,60 kr",
            "comparePriceUnit": "l",
            "isDrugProduct": false,
            "solrSearchScore": 0.6426547169685364,
            "energyDeclaration": null,
            "newsSplashProduct": false,
            "notAllowedB2b": false,
            "notAllowedAnonymous": false,
            "productLine2": "DAIRY FOOD, 2,5dl",
            "pickupProductLine2": "DAIRY FOOD, 2,5dl",
            "priceUnit": "kr/st",
            "priceNoUnit": "15,90",
            "savingsAmount": 2.0,
            "googleAnalyticsCategory": "",
            "gdprTrackingIncompliant": false,
            "tobaccoProduct": false,
            "showGoodPriceIcon": false,
            "nicotineMedicalProduct": false,
            "tobaccoFreeNicotineProduct": false,
            "nonEkoProduct": false,
            "precautionaryStatements": [],
            "hazards": [],
            "labels": [],
            "seoDescription": "",
            "seoTitle": "",
            "manufacturer": "Dairy Food",
            "incrementValue": 1.0,
            "productBasketType": {
                "code": "ST",
                "type": "ProductBasketTypeEnum"
            },
            "bargainProduct": false,
            "addToCartMessage": "",
            "thumbnail": {
                "imageType": "PRIMARY",
                "format": "thumbnail",
                "url": "https://assets.axfood.se/image/upload/f_auto,t_100/07311043021192_C1L1_s01",
                "altText": null,
                "galleryIndex": null,
                "width": null
            },
            "outOfStock": false,
            "online": true,
            "displayVolume": "2,5dl",
            "addToCartDisabled": false,
            "name": "Grädde Lång Hållbarhet 30%",
            "code": "101756172_ST"
        },
        {
            "potentialPromotions": [
                {
                    "threshold": null,
                    "applied": false,
                    "campaignType": "GENERAL",
                    "offerStatus": null,
                    "productCodes": [
                        "101776941_ST",
                        "101776942_ST"
                    ],
                    "promotionTheme": {
                        "code": "Z062",
                        "visible": null
                    },
                    "lowestHistoricalPrice": {
                        "currencyIso": "SEK",
                        "value": 105.0,
                        "priceType": "BUY",
                        "formattedValue": "105,00 kr",
                        "minQuantity": null,
                        "maxQuantity": null
                    },
                    "textLabelGenerated": "",
                    "textLabelManual": null,
                    "price": {
                        "currencyIso": "SEK",
                        "value": 99.0,
                        "priceType": "BUY",
                        "formattedValue": "99,00 kr",
                        "minQuantity": null,
                        "maxQuantity": null
                    },
                    "promotionType": "MixMatchPricePromotion",
                    "conditionLabel": "Spara 9,00 kr/st",
                    "rewardLabel": "99,00/st  +pant",
                    "textLabel": "",
                    "redeemLimitLabel": "",
                    "cartLabel": null,
                    "validUntil": null,
                    "timesUsed": null,
                    "qualifyingCount": 1,
                    "comparePrice": "15,00 kr",
                    "splashTitleText": "",
                    "realMixAndMatch": false,
                    "mainProductCode": "101776941_ST",
                    "conditionLabelFormatted": "",
                    "promotionRedeemLimit": null,
                    "promotionPercentage": null,
                    "cartLabelFormatted": "",
                    "priority": 408,
                    "code": "2500280479"
                }
            ],
            "inactivePotentialPromotions": [],
            "priceValue": 108.0,
            "price": "108,00 kr",
            "image": {
                "imageType": "PRIMARY",
                "format": "product",
                "url": "https://assets.axfood.se/image/upload/f_auto,t_200/07310074012643_C1L1_s01",
                "altText": null,
                "galleryIndex": null,
                "width": null
            },
            "ranking": 1.0,
            "depositPrice": "20,00 kr",
            "averageWeight": null,
            "comparePrice": "16,36 kr",
            "comparePriceUnit": "l",
            "isDrugProduct": false,
            "solrSearchScore": 0.6426547169685364,
            "energyDeclaration": null,
            "newsSplashProduct": false,
            "notAllowedB2b": false,
            "notAllowedAnonymous": false,
            "productLine2": "APOTEKARNES, 20p/33cl",
            "pickupProductLine2": "APOTEKARNES, 20p/33cl",
            "priceUnit": "kr/st",
            "priceNoUnit": "108,00",
            "savingsAmount": 9.0,
            "googleAnalyticsCategory": "",
            "gdprTrackingIncompliant": false,
            "tobaccoProduct": false,
            "showGoodPriceIcon": false,
            "nicotineMedicalProduct": false,
            "tobaccoFreeNicotineProduct": false,
            "nonEkoProduct": false,
            "precautionaryStatements": [],
            "hazards": [],
            "labels": [],
            "seoDescription": "",
            "seoTitle": "",
            "manufacturer": "Apotekarnes",
            "incrementValue": 1.0,
            "productBasketType": {
                "code": "ST",
                "type": "ProductBasketTypeEnum"
            },
            "bargainProduct": false,
            "addToCartMessage": "",
            "thumbnail": {
                "imageType": "PRIMARY",
                "format": "thumbnail",
                "url": "https://assets.axfood.se/image/upload/f_auto,t_100/07310074012643_C1L1_s01",
                "altText": null,
                "galleryIndex": null,
                "width": null
            },
            "outOfStock": false,
            "online": true,
            "displayVolume": "20p/33cl",
            "addToCartDisabled": false,
            "name": "Apotekarnes Julmust",
            "code": "101776941_ST"
        },
        {
            "potentialPromotions": [
                {
                    "threshold": null,
                    "applied": false,
                    "campaignType": "GENERAL",
                    "offerStatus": null,
                    "productCodes": [
                        "101804746_ST",
                        "101804747_ST"
                    ],
                    "promotionTheme": {
                        "code": "Z015",
                        "visible": null
                    },
                    "lowestHistoricalPrice": {
                        "currencyIso": "SEK",
                        "value": 16.9,
                        "priceType": "BUY",
                        "formattedValue": "16,90 kr",
                        "minQuantity": null,
                        "maxQuantity": null
                    },
                    "textLabelGenerated": "",
                    "textLabelManual": null,
                    "price": {
                        "currencyIso": "SEK",
                        "value": 16.9,
                        "priceType": "BUY",
                        "formattedValue": "16,90 kr",
                        "minQuantity": null,
                        "maxQuantity": null
                    },
                    "promotionType": "MixMatchPricePromotion",
                    "conditionLabel": "Spara 3,00 kr/st",
                    "rewardLabel": "16,90/st  +pant",
                    "textLabel": "",
                    "redeemLimitLabel": "",
                    "cartLabel": null,
                    "validUntil": null,
                    "timesUsed": null,
                    "qualifyingCount": 1,
                    "comparePrice": "16,90 kr",
                    "splashTitleText": "",
                    "realMixAndMatch": false,
                    "mainProductCode": "101804746_ST",
                    "conditionLabelFormatted": "",
                    "promotionRedeemLimit": null,
                    "promotionPercentage": null,
                    "cartLabelFormatted": "",
                    "priority": 408,
                    "code": "2500268929"
                }
            ],
            "inactivePotentialPromotions": [],
            "priceValue": 19.9,
            "price": "19,90 kr",
            "image": {
                "imageType": "PRIMARY",
                "format": "product",
                "url": "https://assets.axfood.se/image/upload/f_auto,t_200/07350068296734_C1N1_s01",
                "altText": null,
                "galleryIndex": null,
                "width": null
            },
            "ranking": 1.0,
            "depositPrice": "2,00 kr",
            "averageWeight": null,
            "comparePrice": "19,90 kr",
            "comparePriceUnit": "l",
            "isDrugProduct": false,
            "solrSearchScore": 0.6426547169685364,
            "energyDeclaration": null,
            "newsSplashProduct": false,
            "notAllowedB2b": false,
            "notAllowedAnonymous": false,
            "productLine2": "LOWCALY, 1l",
            "pickupProductLine2": "LOWCALY, 1l",
            "priceUnit": "kr/st",
            "priceNoUnit": "19,90",
            "savingsAmount": 3.0,
            "googleAnalyticsCategory": "",
            "gdprTrackingIncompliant": false,
            "tobaccoProduct": false,
            "showGoodPriceIcon": false,
            "nicotineMedicalProduct": false,
            "tobaccoFreeNicotineProduct": false,
            "nonEkoProduct": false,
            "precautionaryStatements": [],
            "hazards": [],
            "labels": [],
            "seoDescription": "",
            "seoTitle": "",
            "manufacturer": "Lowcaly",
            "incrementValue": 1.0,
            "productBasketType": {
                "code": "ST",
                "type": "ProductBasketTypeEnum"
            },
            "bargainProduct": false,
            "addToCartMessage": "",
            "thumbnail": {
                "imageType": "PRIMARY",
                "format": "thumbnail",
                "url": "https://assets.axfood.se/image/upload/f_auto,t_100/07350068296734_C1N1_s01",
                "altText": null,
                "galleryIndex": null,
                "width": null
            },
            "outOfStock": false,
            "online": true,
            "displayVolume": "1l",
            "addToCartDisabled": false,
            "name": "Sunny Orange Zero Sugar Dryck",
            "code": "101804746_ST"
        },
        {
            "potentialPromotions": [
                {
                    "threshold": null,
                    "applied": false,
                    "campaignType": "GENERAL",
                    "offerStatus": null,
                    "productCodes": [
                        "101776496_ST",
                        "101776495_ST",
                        "101776497_ST",
                        "101776502_ST",
                        "101776501_ST"
                    ],
                    "promotionTheme": {
                        "code": "Z015",
                        "visible": null
                    },
                    "lowestHistoricalPrice": {
                        "currencyIso": "SEK",
                        "value": 53.9,
                        "priceType": "BUY",
                        "formattedValue": "53,90 kr",
                        "minQuantity": null,
                        "maxQuantity": null
                    },
                    "textLabelGenerated": "",
                    "textLabelManual": null,
                    "price": {
                        "currencyIso": "SEK",
                        "value": 53.9,
                        "priceType": "BUY",
                        "formattedValue": "53,90 kr",
                        "minQuantity": null,
                        "maxQuantity": null
                    },
                    "promotionType": "MixMatchPricePromotion",
                    "conditionLabel": "Spara 11,00 kr/st",
                    "rewardLabel": "53,90/st",
                    "textLabel": "",
                    "redeemLimitLabel": "",
                    "cartLabel": null,
                    "validUntil": null,
                    "timesUsed": null,
                    "qualifyingCount": 1,
                    "comparePrice": "134,75 kr",
                    "splashTitleText": "",
                    "realMixAndMatch": false,
                    "mainProductCode": "101776496_ST",
                    "conditionLabelFormatted": "",
                    "promotionRedeemLimit": null,
                    "promotionPercentage": null,
                    "cartLabelFormatted": "",
                    "priority": 408,
                    "code": "2500269018"
                }
            ],
            "inactivePotentialPromotions": [],
            "priceValue": 64.9,
            "price": "64,90 kr",
            "image": {
                "imageType": "PRIMARY",
                "format": "product",
                "url": "https://assets.axfood.se/image/upload/f_auto,t_200/07393914000147_C1N1_s01",
                "altText": null,
                "galleryIndex": null,
                "width": null
            },
            "ranking": 1.0,
            "depositPrice": "",
            "averageWeight": null,
            "comparePrice": "162,25 kr",
            "comparePriceUnit": "kg",
            "isDrugProduct": false,
            "solrSearchScore": 0.6426547169685364,
            "energyDeclaration": null,
            "newsSplashProduct": false,
            "notAllowedB2b": false,
            "notAllowedAnonymous": false,
            "productLine2": "GOOH, 400g",
            "pickupProductLine2": "GOOH, 400g",
            "priceUnit": "kr/st",
            "priceNoUnit": "64,90",
            "savingsAmount": 11.0,
            "googleAnalyticsCategory": "",
            "gdprTrackingIncompliant": false,
            "tobaccoProduct": false,
            "showGoodPriceIcon": false,
            "nicotineMedicalProduct": false,
            "tobaccoFreeNicotineProduct": false,
            "nonEkoProduct": false,
            "precautionaryStatements": [],
            "hazards": [],
            "labels": [],
            "seoDescription": "",
            "seoTitle": "",
            "manufacturer": "Gooh",
            "incrementValue": 1.0,
            "productBasketType": {
                "code": "ST",
                "type": "ProductBasketTypeEnum"
            },
            "bargainProduct": false,
            "addToCartMessage": "",
            "thumbnail": {
                "imageType": "PRIMARY",
                "format": "thumbnail",
                "url": "https://assets.axfood.se/image/upload/f_auto,t_100/07393914000147_C1N1_s01",
                "altText": null,
                "galleryIndex": null,
                "width": null
            },
            "outOfStock": false,
            "online": true,
            "displayVolume": "400g",
            "addToCartDisabled": false,
            "name": "Köttbullar Potatismos Gräddsås",
            "code": "101776496_ST"
        },
        {
            "potentialPromotions": [
                {
                    "threshold": null,
                    "applied": false,
                    "campaignType": "GENERAL",
                    "offerStatus": null,
                    "productCodes": [
                        "101805786_ST",
                        "101805788_ST",
                        "101805787_ST"
                    ],
                    "promotionTheme": {
                        "code": "Z015",
                        "visible": null
                    },
                    "lowestHistoricalPrice": {
                        "currencyIso": "SEK",
                        "value": 19.9,
                        "priceType": "BUY",
                        "formattedValue": "19,90 kr",
                        "minQuantity": null,
                        "maxQuantity": null
                    },
                    "textLabelGenerated": "",
                    "textLabelManual": null,
                    "price": {
                        "currencyIso": "SEK",
                        "value": 19.9,
                        "priceType": "BUY",
                        "formattedValue": "19,90 kr",
                        "minQuantity": null,
                        "maxQuantity": null
                    },
                    "promotionType": "MixMatchPricePromotion",
                    "conditionLabel": "Spara 4,00 kr/st",
                    "rewardLabel": "19,90/st  +pant",
                    "textLabel": "",
                    "redeemLimitLabel": "",
                    "cartLabel": null,
                    "validUntil": null,
                    "timesUsed": null,
                    "qualifyingCount": 1,
                    "comparePrice": "60,30 kr",
                    "splashTitleText": "",
                    "realMixAndMatch": false,
                    "mainProductCode": "101805786_ST",
                    "conditionLabelFormatted": "",
                    "promotionRedeemLimit": null,
                    "promotionPercentage": null,
                    "cartLabelFormatted": "",
                    "priority": 408,
                    "code": "2500276320"
                }
            ],
            "inactivePotentialPromotions": [],
            "priceValue": 23.9,
            "price": "23,90 kr",
            "image": {
                "imageType": "PRIMARY",
                "format": "product",
                "url": "https://assets.axfood.se/image/upload/f_auto,t_200/07350092180290_C1N1_s01",
                "altText": null,
                "galleryIndex": null,
                "width": null
            },
            "ranking": 1.0,
            "depositPrice": "2,00 kr",
            "averageWeight": null,
            "comparePrice": "72,42 kr",
            "comparePriceUnit": "l",
            "isDrugProduct": false,
            "solrSearchScore": 0.6426547169685364,
            "energyDeclaration": null,
            "newsSplashProduct": false,
            "notAllowedB2b": false,
            "notAllowedAnonymous": false,
            "productLine2": "HUMM, 330ml",
            "pickupProductLine2": "HUMM, 330ml",
            "priceUnit": "kr/st",
            "priceNoUnit": "23,90",
            "savingsAmount": 4.0,
            "googleAnalyticsCategory": "",
            "gdprTrackingIncompliant": false,
            "tobaccoProduct": false,
            "showGoodPriceIcon": false,
            "nicotineMedicalProduct": false,
            "tobaccoFreeNicotineProduct": false,
            "nonEkoProduct": false,
            "precautionaryStatements": [],
            "hazards": [],
            "labels": [],
            "seoDescription": "",
            "seoTitle": "",
            "manufacturer": "Humm",
            "incrementValue": 1.0,
            "productBasketType": {
                "code": "ST",
                "type": "ProductBasketTypeEnum"
            },
            "bargainProduct": false,
            "addToCartMessage": "",
            "thumbnail": {
                "imageType": "PRIMARY",
                "format": "thumbnail",
                "url": "https://assets.axfood.se/image/upload/f_auto,t_100/07350092180290_C1N1_s01",
                "altText": null,
                "galleryIndex": null,
                "width": null
            },
            "outOfStock": false,
            "online": true,
            "displayVolume": "330ml",
            "addToCartDisabled": false,
            "name": "Blood Orange Probiotic Soda 0,5%",
            "code": "101805786_ST"
        },
        {
            "potentialPromotions": [
                {
                    "threshold": null,
                    "applied": false,
                    "campaignType": "GENERAL",
                    "offerStatus": null,
                    "productCodes": [
                        "101804779_ST"
                    ],
                    "promotionTheme": {
                        "code": "Z015",
                        "visible": null
                    },
                    "lowestHistoricalPrice": {
                        "currencyIso": "SEK",
                        "value": 48.9,
                        "priceType": "BUY",
                        "formattedValue": "48,90 kr",
                        "minQuantity": null,
                        "maxQuantity": null
                    },
                    "textLabelGenerated": "",
                    "textLabelManual": null,
                    "price": {
                        "currencyIso": "SEK",
                        "value": 42.9,
                        "priceType": "BUY",
                        "formattedValue": "42,90 kr",
                        "minQuantity": null,
                        "maxQuantity": null
                    },
                    "promotionType": "MixMatchPricePromotion",
                    "conditionLabel": "Spara 6,00 kr/st",
                    "rewardLabel": "42,90/st",
                    "textLabel": "",
                    "redeemLimitLabel": "",
                    "cartLabel": null,
                    "validUntil": null,
                    "timesUsed": null,
                    "qualifyingCount": 1,
                    "comparePrice": "143,00 kr",
                    "splashTitleText": "",
                    "realMixAndMatch": false,
                    "mainProductCode": "101030260_ST",
                    "conditionLabelFormatted": "",
                    "promotionRedeemLimit": null,
                    "promotionPercentage": null,
                    "cartLabelFormatted": "",
                    "priority": 408,
                    "code": "2500262506"
                }
            ],
            "inactivePotentialPromotions": [],
            "priceValue": 48.9,
            "price": "48,90 kr",
            "image": {
                "imageType": "PRIMARY",
                "format": "product",
                "url": "https://assets.axfood.se/image/upload/f_auto,t_200/08008698049068_C1N1_s01",
                "altText": null,
                "galleryIndex": null,
                "width": null
            },
            "ranking": 1.0,
            "depositPrice": "",
            "averageWeight": null,
            "comparePrice": "163,00 kr",
            "comparePriceUnit": "kg",
            "isDrugProduct": false,
            "solrSearchScore": 0.6426547169685364,
            "energyDeclaration": null,
            "newsSplashProduct": false,
            "notAllowedB2b": false,
            "notAllowedAnonymous": false,
            "productLine2": "SCHÄR, 300g",
            "pickupProductLine2": "SCHÄR, 300g",
            "priceUnit": "kr/st",
            "priceNoUnit": "48,90",
            "savingsAmount": 6.0,
            "googleAnalyticsCategory": "",
            "gdprTrackingIncompliant": false,
            "tobaccoProduct": false,
            "showGoodPriceIcon": false,
            "nicotineMedicalProduct": false,
            "tobaccoFreeNicotineProduct": false,
            "nonEkoProduct": false,
            "precautionaryStatements": [],
            "hazards": [],
            "labels": [
                "crossed_ax",
                "glutenfree",
                "laktosfree"
            ],
            "seoDescription": "",
            "seoTitle": "",
            "manufacturer": "Schär",
            "incrementValue": 1.0,
            "productBasketType": {
                "code": "ST",
                "type": "ProductBasketTypeEnum"
            },
            "bargainProduct": false,
            "addToCartMessage": "",
            "thumbnail": {
                "imageType": "PRIMARY",
                "format": "thumbnail",
                "url": "https://assets.axfood.se/image/upload/f_auto,t_100/08008698049068_C1N1_s01",
                "altText": null,
                "galleryIndex": null,
                "width": null
            },
            "outOfStock": false,
            "online": true,
            "displayVolume": "300g",
            "addToCartDisabled": false,
            "name": "Specialflakes Glutenfri",
            "code": "101804779_ST"
        },
        {
            "potentialPromotions": [
                {
                    "threshold": null,
                    "applied": false,
                    "campaignType": "GENERAL",
                    "offerStatus": null,
                    "productCodes": [
                        "101296682_ST"
                    ],
                    "promotionTheme": {
                        "code": "Z010",
                        "visible": null
                    },
                    "lowestHistoricalPrice": null,
                    "textLabelGenerated": "",
                    "textLabelManual": null,
                    "price": {
                        "currencyIso": "SEK",
                        "value": 27.9,
                        "priceType": "BUY",
                        "formattedValue": "27,90 kr",
                        "minQuantity": null,
                        "maxQuantity": null
                    },
                    "promotionType": "MixMatchPricePromotion",
                    "conditionLabel": "Spara 3,00 kr/st",
                    "rewardLabel": "27,90/st",
                    "textLabel": "",
                    "redeemLimitLabel": "",
                    "cartLabel": null,
                    "validUntil": null,
                    "timesUsed": null,
                    "qualifyingCount": 1,
                    "comparePrice": "35,77 kr",
                    "splashTitleText": "",
                    "realMixAndMatch": false,
                    "mainProductCode": "101296682_ST",
                    "conditionLabelFormatted": "",
                    "promotionRedeemLimit": null,
                    "promotionPercentage": null,
                    "cartLabelFormatted": "",
                    "priority": 408,
                    "code": "2500269800"
                }
            ],
            "inactivePotentialPromotions": [],
            "priceValue": 30.9,
            "price": "30,90 kr",
            "image": {
                "imageType": "PRIMARY",
                "format": "product",
                "url": "https://assets.axfood.se/image/upload/f_auto,t_200/07311070008708_C1L1_s02",
                "altText": null,
                "galleryIndex": null,
                "width": null
            },
            "ranking": 1.0,
            "depositPrice": "",
            "averageWeight": null,
            "comparePrice": "39,62 kr",
            "comparePriceUnit": "kg",
            "isDrugProduct": false,
            "solrSearchScore": 0.6426547169685364,
            "energyDeclaration": null,
            "newsSplashProduct": false,
            "notAllowedB2b": false,
            "notAllowedAnonymous": false,
            "productLine2": "PÅGEN, 780g",
            "pickupProductLine2": "PÅGEN, 780g",
            "priceUnit": "kr/st",
            "priceNoUnit": "30,90",
            "savingsAmount": 3.0,
            "googleAnalyticsCategory": "",
            "gdprTrackingIncompliant": false,
            "tobaccoProduct": false,
            "showGoodPriceIcon": false,
            "nicotineMedicalProduct": false,
            "tobaccoFreeNicotineProduct": false,
            "nonEkoProduct": false,
            "precautionaryStatements": [],
            "hazards": [],
            "labels": [
                "keyhole"
            ],
            "seoDescription": "",
            "seoTitle": "",
            "manufacturer": "Pågen",
            "incrementValue": 1.0,
            "productBasketType": {
                "code": "ST",
                "type": "ProductBasketTypeEnum"
            },
            "bargainProduct": false,
            "addToCartMessage": "",
            "thumbnail": {
                "imageType": "PRIMARY",
                "format": "thumbnail",
                "url": "https://assets.axfood.se/image/upload/f_auto,t_100/07311070008708_C1L1_s02",
                "altText": null,
                "galleryIndex": null,
                "width": null
            },
            "outOfStock": false,
            "online": true,
            "displayVolume": "780g",
            "addToCartDisabled": false,
            "name": "Grötbröd",
            "code": "101296682_ST"
        },
        {
            "potentialPromotions": [
                {
                    "threshold": null,
                    "applied": false,
                    "campaignType": "GENERAL",
                    "offerStatus": null,
                    "productCodes": [
                        "101548419_ST"
                    ],
                    "promotionTheme": {
                        "code": "Z015",
                        "visible": null
                    },
                    "lowestHistoricalPrice": {
                        "currencyIso": "SEK",
                        "value": 32.9,
                        "priceType": "BUY",
                        "formattedValue": "32,90 kr",
                        "minQuantity": null,
                        "maxQuantity": null
                    },
                    "textLabelGenerated": "",
                    "textLabelManual": null,
                    "price": {
                        "currencyIso": "SEK",
                        "value": 32.9,
                        "priceType": "BUY",
                        "formattedValue": "32,90 kr",
                        "minQuantity": null,
                        "maxQuantity": null
                    },
                    "promotionType": "MixMatchPricePromotion",
                    "conditionLabel": "Spara 5,00 kr/st",
                    "rewardLabel": "32,90/st",
                    "textLabel": "",
                    "redeemLimitLabel": "",
                    "cartLabel": null,
                    "validUntil": null,
                    "timesUsed": null,
                    "qualifyingCount": 1,
                    "comparePrice": "68,54 kr",
                    "splashTitleText": "",
                    "realMixAndMatch": false,
                    "mainProductCode": "101548419_ST",
                    "conditionLabelFormatted": "",
                    "promotionRedeemLimit": null,
                    "promotionPercentage": null,
                    "cartLabelFormatted": "",
                    "priority": 408,
                    "code": "2500269095"
                }
            ],
            "inactivePotentialPromotions": [],
            "priceValue": 37.9,
            "price": "37,90 kr",
            "image": {
                "imageType": "PRIMARY",
                "format": "product",
                "url": "https://assets.axfood.se/image/upload/f_auto,t_200/07350005152017_C1N1_s01",
                "altText": null,
                "galleryIndex": null,
                "width": null
            },
            "ranking": 1.0,
            "depositPrice": "",
            "averageWeight": null,
            "comparePrice": "78,96 kr",
            "comparePriceUnit": "kg",
            "isDrugProduct": false,
            "solrSearchScore": 0.6426547169685364,
            "energyDeclaration": null,
            "newsSplashProduct": false,
            "notAllowedB2b": false,
            "notAllowedAnonymous": false,
            "productLine2": "OSTERIANS, 480g",
            "pickupProductLine2": "OSTERIANS, 480g",
            "priceUnit": "kr/st",
            "priceNoUnit": "37,90",
            "savingsAmount": 5.0,
            "googleAnalyticsCategory": "",
            "gdprTrackingIncompliant": false,
            "tobaccoProduct": false,
            "showGoodPriceIcon": false,
            "nicotineMedicalProduct": false,
            "tobaccoFreeNicotineProduct": false,
            "nonEkoProduct": false,
            "precautionaryStatements": [],
            "hazards": [],
            "labels": [
                "swedish_flag",
                "from_sweden"
            ],
            "seoDescription": "",
            "seoTitle": "",
            "manufacturer": "Osterians",
            "incrementValue": 1.0,
            "productBasketType": {
                "code": "ST",
                "type": "ProductBasketTypeEnum"
            },
            "bargainProduct": false,
            "addToCartMessage": "",
            "thumbnail": {
                "imageType": "PRIMARY",
                "format": "thumbnail",
                "url": "https://assets.axfood.se/image/upload/f_auto,t_100/07350005152017_C1N1_s01",
                "altText": null,
                "galleryIndex": null,
                "width": null
            },
            "outOfStock": false,
            "online": true,
            "displayVolume": "480g",
            "addToCartDisabled": false,
            "name": "Ostkaka",
            "code": "101548419_ST"
        },
        {
            "potentialPromotions": [
                {
                    "threshold": null,
                    "applied": false,
                    "campaignType": "GENERAL",
                    "offerStatus": null,
                    "productCodes": [
                        "101225562_ST",
                        "101542566_ST"
                    ],
                    "promotionTheme": {
                        "code": "Z015",
                        "visible": null
                    },
                    "lowestHistoricalPrice": {
                        "currencyIso": "SEK",
                        "value": 21.9,
                        "priceType": "BUY",
                        "formattedValue": "21,90 kr",
                        "minQuantity": null,
                        "maxQuantity": null
                    },
                    "textLabelGenerated": "",
                    "textLabelManual": null,
                    "price": {
                        "currencyIso": "SEK",
                        "value": 19.9,
                        "priceType": "BUY",
                        "formattedValue": "19,90 kr",
                        "minQuantity": null,
                        "maxQuantity": null
                    },
                    "promotionType": "MixMatchPricePromotion",
                    "conditionLabel": "Spara 2,00 kr/st",
                    "rewardLabel": "19,90/st",
                    "textLabel": "",
                    "redeemLimitLabel": "",
                    "cartLabel": null,
                    "validUntil": null,
                    "timesUsed": null,
                    "qualifyingCount": 1,
                    "comparePrice": "56,86 kr",
                    "splashTitleText": "",
                    "realMixAndMatch": false,
                    "mainProductCode": "101225562_ST",
                    "conditionLabelFormatted": "",
                    "promotionRedeemLimit": null,
                    "promotionPercentage": null,
                    "cartLabelFormatted": "",
                    "priority": 408,
                    "code": "2500268992"
                }
            ],
            "inactivePotentialPromotions": [],
            "priceValue": 21.9,
            "price": "21,90 kr",
            "image": {
                "imageType": "PRIMARY",
                "format": "product",
                "url": "https://assets.axfood.se/image/upload/f_auto,t_200/07312560057404_C1R1_s06",
                "altText": null,
                "galleryIndex": null,
                "width": null
            },
            "ranking": 1.0,
            "depositPrice": "",
            "averageWeight": null,
            "comparePrice": "62,57 kr",
            "comparePriceUnit": "kg",
            "isDrugProduct": false,
            "solrSearchScore": 0.6426547169685364,
            "energyDeclaration": null,
            "newsSplashProduct": false,
            "notAllowedB2b": false,
            "notAllowedAnonymous": false,
            "productLine2": "FREBACO KVARN, 350g",
            "pickupProductLine2": "FREBACO KVARN, 350g",
            "priceUnit": "kr/st",
            "priceNoUnit": "21,90",
            "savingsAmount": 2.0,
            "googleAnalyticsCategory": "",
            "gdprTrackingIncompliant": false,
            "tobaccoProduct": false,
            "showGoodPriceIcon": false,
            "nicotineMedicalProduct": false,
            "tobaccoFreeNicotineProduct": false,
            "nonEkoProduct": false,
            "precautionaryStatements": [],
            "hazards": [],
            "labels": [
                "swedish_flag",
                "from_sweden",
                "keyhole"
            ],
            "seoDescription": "",
            "seoTitle": "",
            "manufacturer": "Frebaco Kvarn",
            "incrementValue": 1.0,
            "productBasketType": {
                "code": "ST",
                "type": "ProductBasketTypeEnum"
            },
            "bargainProduct": false,
            "addToCartMessage": "",
            "thumbnail": {
                "imageType": "PRIMARY",
                "format": "thumbnail",
                "url": "https://assets.axfood.se/image/upload/f_auto,t_100/07312560057404_C1R1_s06",
                "altText": null,
                "galleryIndex": null,
                "width": null
            },
            "outOfStock": false,
            "online": true,
            "displayVolume": "350g",
            "addToCartDisabled": false,
            "name": "Naturell Havreringar",
            "code": "101225562_ST"
        },
        {
            "potentialPromotions": [
                {
                    "threshold": null,
                    "applied": false,
                    "campaignType": "GENERAL",
                    "offerStatus": null,
                    "productCodes": [
                        "101829539_ST"
                    ],
                    "promotionTheme": {
                        "code": "Z088",
                        "visible": null
                    },
                    "lowestHistoricalPrice": null,
                    "textLabelGenerated": "",
                    "textLabelManual": null,
                    "price": {
                        "currencyIso": "SEK",
                        "value": 24.9,
                        "priceType": "BUY",
                        "formattedValue": "24,90 kr",
                        "minQuantity": null,
                        "maxQuantity": null
                    },
                    "promotionType": "MixMatchPricePromotion",
                    "conditionLabel": "Spara 8,00 kr/st",
                    "rewardLabel": "24,90/st",
                    "textLabel": "",
                    "redeemLimitLabel": "",
                    "cartLabel": null,
                    "validUntil": null,
                    "timesUsed": null,
                    "qualifyingCount": 1,
                    "comparePrice": "83,00 kr",
                    "splashTitleText": "",
                    "realMixAndMatch": false,
                    "mainProductCode": "101829539_ST",
                    "conditionLabelFormatted": "",
                    "promotionRedeemLimit": null,
                    "promotionPercentage": null,
                    "cartLabelFormatted": "",
                    "priority": 408,
                    "code": "2500280789"
                }
            ],
            "inactivePotentialPromotions": [],
            "priceValue": 32.9,
            "price": "32,90 kr",
            "image": {
                "imageType": "PRIMARY",
                "format": "product",
                "url": "https://assets.axfood.se/image/upload/f_auto,t_200/07311042017363_C1N1_s01",
                "altText": null,
                "galleryIndex": null,
                "width": null
            },
            "ranking": 1.0,
            "depositPrice": "",
            "averageWeight": null,
            "comparePrice": "109,67 kr",
            "comparePriceUnit": "kg",
            "isDrugProduct": false,
            "solrSearchScore": 0.6426547169685364,
            "energyDeclaration": null,
            "newsSplashProduct": false,
            "notAllowedB2b": false,
            "notAllowedAnonymous": false,
            "productLine2": "300g",
            "pickupProductLine2": "300g",
            "priceUnit": "kr/st",
            "priceNoUnit": "32,90",
            "savingsAmount": 8.0,
            "googleAnalyticsCategory": "",
            "gdprTrackingIncompliant": false,
            "tobaccoProduct": false,
            "showGoodPriceIcon": false,
            "nicotineMedicalProduct": false,
            "tobaccoFreeNicotineProduct": false,
            "nonEkoProduct": false,
            "precautionaryStatements": [],
            "hazards": [],
            "labels": [],
            "seoDescription": "",
            "seoTitle": "",
            "manufacturer": null,
            "incrementValue": 1.0,
            "productBasketType": {
                "code": "ST",
                "type": "ProductBasketTypeEnum"
            },
            "bargainProduct": false,
            "addToCartMessage": "",
            "thumbnail": {
                "imageType": "PRIMARY",
                "format": "thumbnail",
                "url": "https://assets.axfood.se/image/upload/f_auto,t_100/07311042017363_C1N1_s01",
                "altText": null,
                "galleryIndex": null,
                "width": null
            },
            "outOfStock": false,
            "online": true,
            "displayVolume": "300g",
            "addToCartDisabled": false,
            "name": "Tomat Babyplommon Kl 1",
            "code": "101829539_ST"
        },
        {
            "potentialPromotions": [
                {
                    "threshold": null,
                    "applied": false,
                    "campaignType": "GENERAL",
                    "offerStatus": null,
                    "productCodes": [
                        "100151933_ST"
                    ],
                    "promotionTheme": {
                        "code": "Z088",
                        "visible": null
                    },
                    "lowestHistoricalPrice": null,
                    "textLabelGenerated": "",
                    "textLabelManual": null,
                    "price": {
                        "currencyIso": "SEK",
                        "value": 9.9,
                        "priceType": "BUY",
                        "formattedValue": "9,90 kr",
                        "minQuantity": null,
                        "maxQuantity": null
                    },
                    "promotionType": "MixMatchPricePromotion",
                    "conditionLabel": "Spara 2,00 kr/st",
                    "rewardLabel": "9,90/st",
                    "textLabel": "",
                    "redeemLimitLabel": "",
                    "cartLabel": null,
                    "validUntil": null,
                    "timesUsed": null,
                    "qualifyingCount": 1,
                    "comparePrice": "58,24 kr",
                    "splashTitleText": "",
                    "realMixAndMatch": false,
                    "mainProductCode": "100151933_ST",
                    "conditionLabelFormatted": "",
                    "promotionRedeemLimit": null,
                    "promotionPercentage": null,
                    "cartLabelFormatted": "",
                    "priority": 408,
                    "code": "2500280786"
                }
            ],
            "inactivePotentialPromotions": [],
            "priceValue": 11.9,
            "price": "11,90 kr",
            "image": {
                "imageType": "PRIMARY",
                "format": "product",
                "url": "https://assets.axfood.se/image/upload/f_auto,t_200/07311042000662_C1N0_s01",
                "altText": null,
                "galleryIndex": null,
                "width": null
            },
            "ranking": 1.0,
            "depositPrice": "",
            "averageWeight": null,
            "comparePrice": "70,00 kr",
            "comparePriceUnit": "kg",
            "isDrugProduct": false,
            "solrSearchScore": 0.6426547169685364,
            "energyDeclaration": null,
            "newsSplashProduct": false,
            "notAllowedB2b": false,
            "notAllowedAnonymous": false,
            "productLine2": "170g",
            "pickupProductLine2": "170g",
            "priceUnit": "kr/st",
            "priceNoUnit": "11,90",
            "savingsAmount": 2.0,
            "googleAnalyticsCategory": "",
            "gdprTrackingIncompliant": false,
            "tobaccoProduct": false,
            "showGoodPriceIcon": false,
            "nicotineMedicalProduct": false,
            "tobaccoFreeNicotineProduct": false,
            "nonEkoProduct": false,
            "precautionaryStatements": [],
            "hazards": [],
            "labels": [
                "keyhole"
            ],
            "seoDescription": "",
            "seoTitle": "",
            "manufacturer": null,
            "incrementValue": 1.0,
            "productBasketType": {
                "code": "ST",
                "type": "ProductBasketTypeEnum"
            },
            "bargainProduct": false,
            "addToCartMessage": "",
            "thumbnail": {
                "imageType": "PRIMARY",
                "format": "thumbnail",
                "url": "https://assets.axfood.se/image/upload/f_auto,t_100/07311042000662_C1N0_s01",
                "altText": null,
                "galleryIndex": null,
                "width": null
            },
            "outOfStock": false,
            "online": true,
            "displayVolume": "170g",
            "addToCartDisabled": false,
            "name": "Avokado Klass 1",
            "code": "100151933_ST"
        },
        {
            "potentialPromotions": [
                {
                    "threshold": null,
                    "applied": false,
                    "campaignType": "GENERAL",
                    "offerStatus": null,
                    "productCodes": [
                        "100268130_ST"
                    ],
                    "promotionTheme": {
                        "code": "Z019",
                        "visible": null
                    },
                    "lowestHistoricalPrice": null,
                    "textLabelGenerated": "",
                    "textLabelManual": null,
                    "price": {
                        "currencyIso": "SEK",
                        "value": 12.5,
                        "priceType": "BUY",
                        "formattedValue": "12,50 kr",
                        "minQuantity": null,
                        "maxQuantity": null
                    },
                    "promotionType": "MixMatchPricePromotion",
                    "conditionLabel": "2 för",
                    "rewardLabel": "25,00",
                    "textLabel": "",
                    "redeemLimitLabel": "",
                    "cartLabel": null,
                    "validUntil": null,
                    "timesUsed": null,
                    "qualifyingCount": 2,
                    "comparePrice": "35,01 kr",
                    "splashTitleText": "Alltid bra pris",
                    "realMixAndMatch": false,
                    "mainProductCode": "100268130_ST",
                    "conditionLabelFormatted": "",
                    "promotionRedeemLimit": null,
                    "promotionPercentage": null,
                    "cartLabelFormatted": "",
                    "priority": 208,
                    "code": "2500281399"
                }
            ],
            "inactivePotentialPromotions": [],
            "priceValue": 13.9,
            "price": "13,90 kr",
            "image": {
                "imageType": "PRIMARY",
                "format": "product",
                "url": "https://assets.axfood.se/image/upload/f_auto,t_200/07311042002338_C1N0_s01",
                "altText": null,
                "galleryIndex": null,
                "width": null
            },
            "ranking": 1.0,
            "depositPrice": "",
            "averageWeight": null,
            "comparePrice": "38,94 kr",
            "comparePriceUnit": "kg",
            "isDrugProduct": false,
            "solrSearchScore": 0.6426547169685364,
            "energyDeclaration": null,
            "newsSplashProduct": false,
            "notAllowedB2b": false,
            "notAllowedAnonymous": false,
            "productLine2": "ca 360g",
            "pickupProductLine2": "ca 360g",
            "priceUnit": "kr/st",
            "priceNoUnit": "13,90",
            "savingsAmount": 2.8,
            "googleAnalyticsCategory": "",
            "gdprTrackingIncompliant": false,
            "tobaccoProduct": false,
            "showGoodPriceIcon": true,
            "nicotineMedicalProduct": false,
            "tobaccoFreeNicotineProduct": false,
            "nonEkoProduct": false,
            "precautionaryStatements": [],
            "hazards": [],
            "labels": [
                "keyhole"
            ],
            "seoDescription": "",
            "seoTitle": "",
            "manufacturer": null,
            "incrementValue": 1.0,
            "productBasketType": {
                "code": "ST",
                "type": "ProductBasketTypeEnum"
            },
            "bargainProduct": false,
            "addToCartMessage": "",
            "thumbnail": {
                "imageType": "PRIMARY",
                "format": "thumbnail",
                "url": "https://assets.axfood.se/image/upload/f_auto,t_100/07311042002338_C1N0_s01",
                "altText": null,
                "galleryIndex": null,
                "width": null
            },
            "outOfStock": false,
            "online": true,
            "displayVolume": "ca 360g",
            "addToCartDisabled": false,
            "name": "Zucchini Klass 1",
            "code": "100268130_ST"
        },
        {
            "potentialPromotions": [
                {
                    "threshold": null,
                    "applied": false,
                    "campaignType": "GENERAL",
                    "offerStatus": null,
                    "productCodes": [
                        "101411893_ST",
                        "101411894_ST"
                    ],
                    "promotionTheme": {
                        "code": "Z015",
                        "visible": null
                    },
                    "lowestHistoricalPrice": {
                        "currencyIso": "SEK",
                        "value": 35.0,
                        "priceType": "BUY",
                        "formattedValue": "35,00 kr",
                        "minQuantity": null,
                        "maxQuantity": null
                    },
                    "textLabelGenerated": "",
                    "textLabelManual": null,
                    "price": {
                        "currencyIso": "SEK",
                        "value": 29.9,
                        "priceType": "BUY",
                        "formattedValue": "29,90 kr",
                        "minQuantity": null,
                        "maxQuantity": null
                    },
                    "promotionType": "MixMatchPricePromotion",
                    "conditionLabel": "Spara 5,10 kr/st",
                    "rewardLabel": "29,90/st",
                    "textLabel": "",
                    "redeemLimitLabel": "",
                    "cartLabel": null,
                    "validUntil": null,
                    "timesUsed": null,
                    "qualifyingCount": 1,
                    "comparePrice": "199,33 kr",
                    "splashTitleText": "",
                    "realMixAndMatch": false,
                    "mainProductCode": "101411893_ST",
                    "conditionLabelFormatted": "",
                    "promotionRedeemLimit": null,
                    "promotionPercentage": null,
                    "cartLabelFormatted": "",
                    "priority": 408,
                    "code": "2500268714"
                }
            ],
            "inactivePotentialPromotions": [],
            "priceValue": 35.0,
            "price": "35,00 kr",
            "image": {
                "imageType": "PRIMARY",
                "format": "product",
                "url": "https://assets.axfood.se/image/upload/f_auto,t_200/08001841490359_C1N1_s03",
                "altText": null,
                "galleryIndex": null,
                "width": null
            },
            "ranking": 1.0,
            "depositPrice": "",
            "averageWeight": null,
            "comparePrice": "233,33 kr",
            "comparePriceUnit": "l",
            "isDrugProduct": false,
            "solrSearchScore": 0.6426547169685364,
            "energyDeclaration": null,
            "newsSplashProduct": false,
            "notAllowedB2b": false,
            "notAllowedAnonymous": false,
            "productLine2": "ORAL-B, 150ml",
            "pickupProductLine2": "ORAL-B, 150ml",
            "priceUnit": "kr/st",
            "priceNoUnit": "35,00",
            "savingsAmount": 5.1,
            "googleAnalyticsCategory": "",
            "gdprTrackingIncompliant": false,
            "tobaccoProduct": false,
            "showGoodPriceIcon": false,
            "nicotineMedicalProduct": false,
            "tobaccoFreeNicotineProduct": false,
            "nonEkoProduct": false,
            "precautionaryStatements": [],
            "hazards": [],
            "labels": [],
            "seoDescription": "",
            "seoTitle": "",
            "manufacturer": "Oral-b",
            "incrementValue": 1.0,
            "productBasketType": {
                "code": "ST",
                "type": "ProductBasketTypeEnum"
            },
            "bargainProduct": true,
            "addToCartMessage": "",
            "thumbnail": {
                "imageType": "PRIMARY",
                "format": "thumbnail",
                "url": "https://assets.axfood.se/image/upload/f_auto,t_100/08001841490359_C1N1_s03",
                "altText": null,
                "galleryIndex": null,
                "width": null
            },
            "outOfStock": true,
            "online": true,
            "displayVolume": "150ml",
            "addToCartDisabled": false,
            "name": "Pro-ex Prof Pro Tandkräm",
            "code": "101411893_ST"
        }
    ],
    "sorts": null,
    "pagination": {
        "pageSize": 1000,
        "currentPage": 0,
        "sort": null,
        "numberOfPages": 1,
        "totalNumberOfResults": 244,
        "allProductsInCategoriesCount": 0,
        "allProductsInSearchCount": 0
    },
    "relatedResults": null,
    "relatedResultsPagination": null,
    "currentQuery": null,
    "breadcrumbs": [],
    "facets": [
        {
            "code": "categoryLevel1",
            "name": "categoryLevel1",
            "priority": 150,
            "category": false,
            "multiSelect": true,
            "visible": true,
            "topValues": [
                {
                    "code": "N12",
                    "name": "Barn",
                    "count": 5,
                    "query": {
                        "url": "%3AcategoryLevel1%3AN12",
                        "query": {
                            "value": ":categoryLevel1:N12",
                            "filterQueries": [],
                            "searchQueryContext": null,
                            "searchType": null
                        }
                    },
                    "selected": false
                },
                {
                    "code": "N19",
                    "name": "Blommor & trädgård",
                    "count": 1,
                    "query": {
                        "url": "%3AcategoryLevel1%3AN19",
                        "query": {
                            "value": ":categoryLevel1:N19",
                            "filterQueries": [],
                            "searchQueryContext": null,
                            "searchType": null
                        }
                    },
                    "selected": false
                },
                {
                    "code": "N06",
                    "name": "Bröd & Kakor",
                    "count": 15,
                    "query": {
                        "url": "%3AcategoryLevel1%3AN06",
                        "query": {
                            "value": ":categoryLevel1:N06",
                            "filterQueries": [],
                            "searchQueryContext": null,
                            "searchType": null
                        }
                    },
                    "selected": false
                },
                {
                    "code": "N13",
                    "name": "Djur",
                    "count": 4,
                    "query": {
                        "url": "%3AcategoryLevel1%3AN13",
                        "query": {
                            "value": ":categoryLevel1:N13",
                            "filterQueries": [],
                            "searchQueryContext": null,
                            "searchType": null
                        }
                    },
                    "selected": false
                },
                {
                    "code": "N10",
                    "name": "Dryck",
                    "count": 17,
                    "query": {
                        "url": "%3AcategoryLevel1%3AN10",
                        "query": {
                            "value": ":categoryLevel1:N10",
                            "filterQueries": [],
                            "searchQueryContext": null,
                            "searchType": null
                        }
                    },
                    "selected": false
                }
            ],
            "values": [
                {
                    "code": "N12",
                    "name": "Barn",
                    "count": 5,
                    "query": {
                        "url": "%3AcategoryLevel1%3AN12",
                        "query": {
                            "value": ":categoryLevel1:N12",
                            "filterQueries": [],
                            "searchQueryContext": null,
                            "searchType": null
                        }
                    },
                    "selected": false
                },
                {
                    "code": "N19",
                    "name": "Blommor & trädgård",
                    "count": 1,
                    "query": {
                        "url": "%3AcategoryLevel1%3AN19",
                        "query": {
                            "value": ":categoryLevel1:N19",
                            "filterQueries": [],
                            "searchQueryContext": null,
                            "searchType": null
                        }
                    },
                    "selected": false
                },
                {
                    "code": "N06",
                    "name": "Bröd & Kakor",
                    "count": 15,
                    "query": {
                        "url": "%3AcategoryLevel1%3AN06",
                        "query": {
                            "value": ":categoryLevel1:N06",
                            "filterQueries": [],
                            "searchQueryContext": null,
                            "searchType": null
                        }
                    },
                    "selected": false
                },
                {
                    "code": "N13",
                    "name": "Djur",
                    "count": 4,
                    "query": {
                        "url": "%3AcategoryLevel1%3AN13",
                        "query": {
                            "value": ":categoryLevel1:N13",
                            "filterQueries": [],
                            "searchQueryContext": null,
                            "searchType": null
                        }
                    },
                    "selected": false
                },
                {
                    "code": "N10",
                    "name": "Dryck",
                    "count": 17,
                    "query": {
                        "url": "%3AcategoryLevel1%3AN10",
                        "query": {
                            "value": ":categoryLevel1:N10",
                            "filterQueries": [],
                            "searchQueryContext": null,
                            "searchType": null
                        }
                    },
                    "selected": false
                },
                {
                    "code": "N02",
                    "name": "Fisk & Skaldjur",
                    "count": 9,
                    "query": {
                        "url": "%3AcategoryLevel1%3AN02",
                        "query": {
                            "value": ":categoryLevel1:N02",
                            "filterQueries": [],
                            "searchQueryContext": null,
                            "searchType": null
                        }
                    },
                    "selected": false
                },
                {
                    "code": "N05",
                    "name": "Frukt & Grönt",
                    "count": 17,
                    "query": {
                        "url": "%3AcategoryLevel1%3AN05",
                        "query": {
                            "value": ":categoryLevel1:N05",
                            "filterQueries": [],
                            "searchQueryContext": null,
                            "searchType": null
                        }
                    },
                    "selected": false
                },
                {
                    "code": "N08",
                    "name": "Fryst",
                    "count": 8,
                    "query": {
                        "url": "%3AcategoryLevel1%3AN08",
                        "query": {
                            "value": ":categoryLevel1:N08",
                            "filterQueries": [],
                            "searchQueryContext": null,
                            "searchType": null
                        }
                    },
                    "selected": false
                },
                {
                    "code": "N09",
                    "name": "Färdigmat",
                    "count": 6,
                    "query": {
                        "url": "%3AcategoryLevel1%3AN09",
                        "query": {
                            "value": ":categoryLevel1:N09",
                            "filterQueries": [],
                            "searchQueryContext": null,
                            "searchType": null
                        }
                    },
                    "selected": false
                },
                {
                    "code": "N11",
                    "name": "Glass, godis & snacks",
                    "count": 20,
                    "query": {
                        "url": "%3AcategoryLevel1%3AN11",
                        "query": {
                            "value": ":categoryLevel1:N11",
                            "filterQueries": [],
                            "searchQueryContext": null,
                            "searchType": null
                        }
                    },
                    "selected": false
                },
                {
                    "code": "N14",
                    "name": "Hem & Städ",
                    "count": 19,
                    "query": {
                        "url": "%3AcategoryLevel1%3AN14",
                        "query": {
                            "value": ":categoryLevel1:N14",
                            "filterQueries": [],
                            "searchQueryContext": null,
                            "searchType": null
                        }
                    },
                    "selected": false
                },
                {
                    "code": "N15",
                    "name": "Hälsa & Skönhet",
                    "count": 36,
                    "query": {
                        "url": "%3AcategoryLevel1%3AN15",
                        "query": {
                            "value": ":categoryLevel1:N15",
                            "filterQueries": [],
                            "searchQueryContext": null,
                            "searchType": null
                        }
                    },
                    "selected": false
                },
                {
                    "code": "N01",
                    "name": "Kött, chark & fågel",
                    "count": 28,
                    "query": {
                        "url": "%3AcategoryLevel1%3AN01",
                        "query": {
                            "value": ":categoryLevel1:N01",
                            "filterQueries": [],
                            "searchQueryContext": null,
                            "searchType": null
                        }
                    },
                    "selected": false
                },
                {
                    "code": "N04",
                    "name": "Mejeri, ost & ägg",
                    "count": 21,
                    "query": {
                        "url": "%3AcategoryLevel1%3AN04",
                        "query": {
                            "value": ":categoryLevel1:N04",
                            "filterQueries": [],
                            "searchQueryContext": null,
                            "searchType": null
                        }
                    },
                    "selected": false
                },
                {
                    "code": "N07",
                    "name": "Skafferi",
                    "count": 38,
                    "query": {
                        "url": "%3AcategoryLevel1%3AN07",
                        "query": {
                            "value": ":categoryLevel1:N07",
                            "filterQueries": [],
                            "searchQueryContext": null,
                            "searchType": null
                        }
                    },
                    "selected": false
                }
            ]
        },
        {
            "code": "campaignType",
            "name": "campaignType",
            "priority": 100,
            "category": false,
            "multiSelect": true,
            "visible": true,
            "topValues": null,
            "values": [
                {
                    "code": "GENERAL",
                    "name": "Generella",
                    "count": 212,
                    "query": {
                        "url": "%3AcampaignType%3AGENERAL",
                        "query": {
                            "value": ":campaignType:GENERAL",
                            "filterQueries": [],
                            "searchQueryContext": null,
                            "searchType": null
                        }
                    },
                    "selected": false
                },
                {
                    "code": "LOYALTY",
                    "name": "Willys Plus",
                    "count": 32,
                    "query": {
                        "url": "%3AcampaignType%3ALOYALTY",
                        "query": {
                            "value": ":campaignType:LOYALTY",
                            "filterQueries": [],
                            "searchQueryContext": null,
                            "searchType": null
                        }
                    },
                    "selected": false
                }
            ]
        },
        {
            "code": "productLabelTypes",
            "name": "productLabelTypes",
            "priority": -1000,
            "category": false,
            "multiSelect": false,
            "visible": true,
            "topValues": null,
            "values": [
                {
                    "code": "ASC_FISH",
                    "name": "ASC-märkt fisk",
                    "count": 3,
                    "query": {
                        "url": "%3AproductLabelTypes%3AASC_FISH",
                        "query": {
                            "value": ":productLabelTypes:ASC_FISH",
                            "filterQueries": [],
                            "searchQueryContext": null,
                            "searchType": null
                        }
                    },
                    "selected": false
                },
                {
                    "code": "ECOLOGICAL",
                    "name": "Ekologisk",
                    "count": 12,
                    "query": {
                        "url": "%3AproductLabelTypes%3AECOLOGICAL",
                        "query": {
                            "value": ":productLabelTypes:ECOLOGICAL",
                            "filterQueries": [],
                            "searchQueryContext": null,
                            "searchType": null
                        }
                    },
                    "selected": false
                },
                {
                    "code": "FAIRTRADE_FACET",
                    "name": "Fairtrade",
                    "count": 1,
                    "query": {
                        "url": "%3AproductLabelTypes%3AFAIRTRADE_FACET",
                        "query": {
                            "value": ":productLabelTypes:FAIRTRADE_FACET",
                            "filterQueries": [],
                            "searchQueryContext": null,
                            "searchType": null
                        }
                    },
                    "selected": false
                },
                {
                    "code": "GLUTENFREE",
                    "name": "Glutenfri",
                    "count": 6,
                    "query": {
                        "url": "%3AproductLabelTypes%3AGLUTENFREE",
                        "query": {
                            "value": ":productLabelTypes:GLUTENFREE",
                            "filterQueries": [],
                            "searchQueryContext": null,
                            "searchType": null
                        }
                    },
                    "selected": false
                },
                {
                    "code": "LAKTOSFREE",
                    "name": "Laktosfri",
                    "count": 9,
                    "query": {
                        "url": "%3AproductLabelTypes%3ALAKTOSFREE",
                        "query": {
                            "value": ":productLabelTypes:LAKTOSFREE",
                            "filterQueries": [],
                            "searchQueryContext": null,
                            "searchType": null
                        }
                    },
                    "selected": false
                },
                {
                    "code": "ENVIRONMENTAL_FACET",
                    "name": "Miljömärkt",
                    "count": 30,
                    "query": {
                        "url": "%3AproductLabelTypes%3AENVIRONMENTAL_FACET",
                        "query": {
                            "value": ":productLabelTypes:ENVIRONMENTAL_FACET",
                            "filterQueries": [],
                            "searchQueryContext": null,
                            "searchType": null
                        }
                    },
                    "selected": false
                },
                {
                    "code": "MSC_FISH",
                    "name": "MSC-märkt fisk",
                    "count": 7,
                    "query": {
                        "url": "%3AproductLabelTypes%3AMSC_FISH",
                        "query": {
                            "value": ":productLabelTypes:MSC_FISH",
                            "filterQueries": [],
                            "searchQueryContext": null,
                            "searchType": null
                        }
                    },
                    "selected": false
                },
                {
                    "code": "KEYHOLE",
                    "name": "Nyckelhålet",
                    "count": 28,
                    "query": {
                        "url": "%3AproductLabelTypes%3AKEYHOLE",
                        "query": {
                            "value": ":productLabelTypes:KEYHOLE",
                            "filterQueries": [],
                            "searchQueryContext": null,
                            "searchType": null
                        }
                    },
                    "selected": false
                },
                {
                    "code": "SWEDISH_FLAG",
                    "name": "Svenskt",
                    "count": 27,
                    "query": {
                        "url": "%3AproductLabelTypes%3ASWEDISH_FLAG",
                        "query": {
                            "value": ":productLabelTypes:SWEDISH_FLAG",
                            "filterQueries": [],
                            "searchQueryContext": null,
                            "searchType": null
                        }
                    },
                    "selected": false
                }
            ]
        }
    ],
    "freeTextSearch": null,
    "categoryCode": null,
    "keywordRedirectUrl": null,
    "spellingSuggestion": null,
    "categoryName": null,
    "customSuggestion": null,
    "categoryBreadcrumbs": null,
    "navigationCategories": null,
    "usedQuery": null
}